%YAML 1.1
%TAG !u! tag:unity3d.com,2011:
--- !u!1 &117409193
GameObject:
  m_ObjectHideFlags: 0
  m_CorrespondingSourceObject: {fileID: 0}
  m_PrefabInstance: {fileID: 0}
  m_PrefabAsset: {fileID: 0}
  serializedVersion: 6
  m_Component:
  - component: {fileID: 117409194}
  - component: {fileID: 117409197}
  - component: {fileID: 117409196}
  - component: {fileID: 117409195}
  - component: {fileID: 117409198}
  m_Layer: 12
  m_Name: Canvas
  m_TagString: Untagged
  m_Icon: {fileID: 0}
  m_NavMeshLayer: 0
  m_StaticEditorFlags: 0
  m_IsActive: 1
--- !u!224 &117409194
RectTransform:
  m_ObjectHideFlags: 0
  m_CorrespondingSourceObject: {fileID: 0}
  m_PrefabInstance: {fileID: 0}
  m_PrefabAsset: {fileID: 0}
  m_GameObject: {fileID: 117409193}
  m_LocalRotation: {x: 0, y: 0, z: 0, w: 1}
  m_LocalPosition: {x: 0, y: 0, z: 0.2}
  m_LocalScale: {x: 1, y: 1, z: 1}
  m_Children:
  - {fileID: 330106625}
  - {fileID: 2688632677061051752}
  - {fileID: 1327649748}
  m_Father: {fileID: 5315776424841045392}
  m_RootOrder: 2
  m_LocalEulerAnglesHint: {x: 0, y: 0, z: 0}
  m_AnchorMin: {x: 0, y: 0}
  m_AnchorMax: {x: 0, y: 0}
  m_AnchoredPosition: {x: 0, y: 2.2}
  m_SizeDelta: {x: 800, y: 600}
  m_Pivot: {x: 0.5, y: 0.5}
--- !u!223 &117409197
Canvas:
  m_ObjectHideFlags: 0
  m_CorrespondingSourceObject: {fileID: 0}
  m_PrefabInstance: {fileID: 0}
  m_PrefabAsset: {fileID: 0}
  m_GameObject: {fileID: 117409193}
  m_Enabled: 1
  serializedVersion: 3
  m_RenderMode: 2
  m_Camera: {fileID: 0}
  m_PlaneDistance: 100
  m_PixelPerfect: 0
  m_ReceivesEvents: 1
  m_OverrideSorting: 0
  m_OverridePixelPerfect: 0
  m_SortingBucketNormalizedSize: 0
  m_AdditionalShaderChannelsFlag: 0
  m_SortingLayerID: 0
  m_SortingOrder: 0
  m_TargetDisplay: 0
--- !u!114 &117409196
MonoBehaviour:
  m_ObjectHideFlags: 0
  m_CorrespondingSourceObject: {fileID: 0}
  m_PrefabInstance: {fileID: 0}
  m_PrefabAsset: {fileID: 0}
  m_GameObject: {fileID: 117409193}
  m_Enabled: 1
  m_EditorHideFlags: 0
  m_Script: {fileID: 11500000, guid: 0cd44c1031e13a943bb63640046fad76, type: 3}
  m_Name: 
  m_EditorClassIdentifier: 
  m_UiScaleMode: 0
  m_ReferencePixelsPerUnit: 100
  m_ScaleFactor: 1
  m_ReferenceResolution: {x: 800, y: 600}
  m_ScreenMatchMode: 0
  m_MatchWidthOrHeight: 0
  m_PhysicalUnit: 3
  m_FallbackScreenDPI: 96
  m_DefaultSpriteDPI: 96
  m_DynamicPixelsPerUnit: 1
--- !u!114 &117409195
MonoBehaviour:
  m_ObjectHideFlags: 0
  m_CorrespondingSourceObject: {fileID: 0}
  m_PrefabInstance: {fileID: 0}
  m_PrefabAsset: {fileID: 0}
  m_GameObject: {fileID: 117409193}
  m_Enabled: 1
  m_EditorHideFlags: 0
  m_Script: {fileID: 11500000, guid: dc42784cf147c0c48a680349fa168899, type: 3}
  m_Name: 
  m_EditorClassIdentifier: 
  m_IgnoreReversedGraphics: 1
  m_BlockingObjects: 0
  m_BlockingMask:
    serializedVersion: 2
    m_Bits: 4294967295
--- !u!114 &117409198
MonoBehaviour:
  m_ObjectHideFlags: 0
  m_CorrespondingSourceObject: {fileID: 0}
  m_PrefabInstance: {fileID: 0}
  m_PrefabAsset: {fileID: 0}
  m_GameObject: {fileID: 117409193}
  m_Enabled: 1
  m_EditorHideFlags: 0
  m_Script: {fileID: 11500000, guid: 31e36c72e76737a4f8e5f3ccd33e74f2, type: 3}
  m_Name: 
  m_EditorClassIdentifier: 
  canvas: {fileID: 117409197}
  targetTfm: {fileID: 0}
--- !u!1 &330106624
GameObject:
  m_ObjectHideFlags: 0
  m_CorrespondingSourceObject: {fileID: 0}
  m_PrefabInstance: {fileID: 0}
  m_PrefabAsset: {fileID: 0}
  serializedVersion: 6
  m_Component:
  - component: {fileID: 330106625}
  - component: {fileID: 330106627}
  - component: {fileID: 330106626}
  - component: {fileID: 330106628}
  m_Layer: 12
  m_Name: Name
  m_TagString: Untagged
  m_Icon: {fileID: 0}
  m_NavMeshLayer: 0
  m_StaticEditorFlags: 0
  m_IsActive: 1
--- !u!224 &330106625
RectTransform:
  m_ObjectHideFlags: 0
  m_CorrespondingSourceObject: {fileID: 0}
  m_PrefabInstance: {fileID: 0}
  m_PrefabAsset: {fileID: 0}
  m_GameObject: {fileID: 330106624}
  m_LocalRotation: {x: -0, y: 1, z: -0, w: 0}
  m_LocalPosition: {x: 0, y: 0, z: 0}
  m_LocalScale: {x: 0.0128476005, y: 0.013197005, z: 0.001}
  m_Children: []
  m_Father: {fileID: 117409194}
  m_RootOrder: 0
  m_LocalEulerAnglesHint: {x: 0, y: 0, z: 0}
  m_AnchorMin: {x: 0.5, y: 0.5}
  m_AnchorMax: {x: 0.5, y: 0.5}
  m_AnchoredPosition: {x: 0, y: -0.271}
  m_SizeDelta: {x: 160, y: 30}
  m_Pivot: {x: 0.5, y: 0.5}
--- !u!222 &330106627
CanvasRenderer:
  m_ObjectHideFlags: 0
  m_CorrespondingSourceObject: {fileID: 0}
  m_PrefabInstance: {fileID: 0}
  m_PrefabAsset: {fileID: 0}
  m_GameObject: {fileID: 330106624}
  m_CullTransparentMesh: 0
--- !u!114 &330106626
MonoBehaviour:
  m_ObjectHideFlags: 0
  m_CorrespondingSourceObject: {fileID: 0}
  m_PrefabInstance: {fileID: 0}
  m_PrefabAsset: {fileID: 0}
  m_GameObject: {fileID: 330106624}
  m_Enabled: 1
  m_EditorHideFlags: 0
  m_Script: {fileID: 11500000, guid: 5f7201a12d95ffc409449d95f23cf332, type: 3}
  m_Name: 
  m_EditorClassIdentifier: 
  m_Material: {fileID: 0}
  m_Color: {r: 1, g: 0.20623873, b: 0.009433985, a: 1}
  m_RaycastTarget: 1
  m_Maskable: 1
  m_OnCullStateChanged:
    m_PersistentCalls:
      m_Calls: []
  m_FontData:
    m_Font: {fileID: 10102, guid: 0000000000000000e000000000000000, type: 0}
    m_FontSize: 14
    m_FontStyle: 1
    m_BestFit: 0
    m_MinSize: 10
    m_MaxSize: 40
    m_Alignment: 4
    m_AlignByGeometry: 0
    m_RichText: 1
    m_HorizontalOverflow: 0
    m_VerticalOverflow: 0
    m_LineSpacing: 1
  m_Text: "\u30B9\u30B1\u30EB\u30C8\u30F3=\u30ED\u30FC\u30C9"
--- !u!114 &330106628
MonoBehaviour:
  m_ObjectHideFlags: 0
  m_CorrespondingSourceObject: {fileID: 0}
  m_PrefabInstance: {fileID: 0}
  m_PrefabAsset: {fileID: 0}
  m_GameObject: {fileID: 330106624}
  m_Enabled: 1
  m_EditorHideFlags: 0
  m_Script: {fileID: 11500000, guid: d477a740388e8b547a55a525240158c8, type: 3}
  m_Name: 
  m_EditorClassIdentifier: 
  targetObject: {fileID: 9195848677046687619}
  HpValue: {fileID: 1327649749}
--- !u!1 &1327649747
GameObject:
  m_ObjectHideFlags: 0
  m_CorrespondingSourceObject: {fileID: 0}
  m_PrefabInstance: {fileID: 0}
  m_PrefabAsset: {fileID: 0}
  serializedVersion: 6
  m_Component:
  - component: {fileID: 1327649748}
  - component: {fileID: 1327649750}
  - component: {fileID: 1327649749}
  m_Layer: 12
  m_Name: HpGauge
  m_TagString: Untagged
  m_Icon: {fileID: 0}
  m_NavMeshLayer: 0
  m_StaticEditorFlags: 0
  m_IsActive: 1
--- !u!224 &1327649748
RectTransform:
  m_ObjectHideFlags: 0
  m_CorrespondingSourceObject: {fileID: 0}
  m_PrefabInstance: {fileID: 0}
  m_PrefabAsset: {fileID: 0}
  m_GameObject: {fileID: 1327649747}
  m_LocalRotation: {x: 0, y: 1, z: 0, w: 0}
  m_LocalPosition: {x: 0, y: 0, z: 0}
  m_LocalScale: {x: 1, y: 1, z: 1}
  m_Children: []
  m_Father: {fileID: 117409194}
  m_RootOrder: 2
  m_LocalEulerAnglesHint: {x: 0, y: 180, z: 0}
  m_AnchorMin: {x: 0.5, y: 0.5}
  m_AnchorMax: {x: 0.5, y: 0.5}
  m_AnchoredPosition: {x: 0, y: -0.48}
  m_SizeDelta: {x: 1, y: 0.1}
  m_Pivot: {x: 0.5, y: 0.5}
--- !u!222 &1327649750
CanvasRenderer:
  m_ObjectHideFlags: 0
  m_CorrespondingSourceObject: {fileID: 0}
  m_PrefabInstance: {fileID: 0}
  m_PrefabAsset: {fileID: 0}
  m_GameObject: {fileID: 1327649747}
  m_CullTransparentMesh: 0
--- !u!114 &1327649749
MonoBehaviour:
  m_ObjectHideFlags: 0
  m_CorrespondingSourceObject: {fileID: 0}
  m_PrefabInstance: {fileID: 0}
  m_PrefabAsset: {fileID: 0}
  m_GameObject: {fileID: 1327649747}
  m_Enabled: 1
  m_EditorHideFlags: 0
  m_Script: {fileID: 11500000, guid: fe87c0e1cc204ed48ad3b37840f39efc, type: 3}
  m_Name: 
  m_EditorClassIdentifier: 
  m_Material: {fileID: 0}
  m_Color: {r: 0.8396226, g: 0.33268064, b: 0.34112954, a: 1}
  m_RaycastTarget: 1
  m_Maskable: 1
  m_OnCullStateChanged:
    m_PersistentCalls:
      m_Calls: []
  m_Sprite: {fileID: 21300000, guid: f70af679bc14dc447b2987ef2a770ea8, type: 3}
  m_Type: 3
  m_PreserveAspect: 0
  m_FillCenter: 1
  m_FillMethod: 0
  m_FillAmount: 1
  m_FillClockwise: 1
  m_FillOrigin: 1
  m_UseSpriteMesh: 0
  m_PixelsPerUnitMultiplier: 1
--- !u!1 &1664123045
GameObject:
  m_ObjectHideFlags: 0
  m_CorrespondingSourceObject: {fileID: 0}
  m_PrefabInstance: {fileID: 0}
  m_PrefabAsset: {fileID: 0}
  serializedVersion: 6
  m_Component:
  - component: {fileID: 1664123046}
  - component: {fileID: 1664123048}
  - component: {fileID: 1664123047}
  m_Layer: 13
  m_Name: EnemyMoveDetector
  m_TagString: Untagged
  m_Icon: {fileID: 0}
  m_NavMeshLayer: 0
  m_StaticEditorFlags: 0
  m_IsActive: 1
--- !u!4 &1664123046
Transform:
  m_ObjectHideFlags: 0
  m_CorrespondingSourceObject: {fileID: 0}
  m_PrefabInstance: {fileID: 0}
  m_PrefabAsset: {fileID: 0}
  m_GameObject: {fileID: 1664123045}
  m_LocalRotation: {x: 0, y: 0, z: 0, w: 1}
  m_LocalPosition: {x: 0, y: 0, z: 0}
  m_LocalScale: {x: 1, y: 1, z: 1}
  m_Children: []
  m_Father: {fileID: 5315776424841045392}
  m_RootOrder: 3
  m_LocalEulerAnglesHint: {x: 0, y: 0, z: 0}
--- !u!135 &1664123048
SphereCollider:
  m_ObjectHideFlags: 0
  m_CorrespondingSourceObject: {fileID: 0}
  m_PrefabInstance: {fileID: 0}
  m_PrefabAsset: {fileID: 0}
  m_GameObject: {fileID: 1664123045}
  m_Material: {fileID: 0}
  m_IsTrigger: 1
  m_Enabled: 1
  serializedVersion: 2
  m_Radius: 10
  m_Center: {x: 0, y: 0, z: 0}
--- !u!114 &1664123047
MonoBehaviour:
  m_ObjectHideFlags: 0
  m_CorrespondingSourceObject: {fileID: 0}
  m_PrefabInstance: {fileID: 0}
  m_PrefabAsset: {fileID: 0}
  m_GameObject: {fileID: 1664123045}
  m_Enabled: 1
  m_EditorHideFlags: 0
  m_Script: {fileID: 11500000, guid: 6e8c836eddb4f094fa8c369d9d3a3f01, type: 3}
  m_Name: 
  m_EditorClassIdentifier: 
  onTriggerEnter:
    m_PersistentCalls:
      m_Calls:
      - m_Target: {fileID: 2444276179274587488}
        m_MethodName: OnDetectObject
        m_Mode: 0
        m_Arguments:
          m_ObjectArgument: {fileID: 0}
          m_ObjectArgumentAssemblyTypeName: UnityEngine.Object, UnityEngine
          m_IntArgument: 0
          m_FloatArgument: 0
          m_StringArgument: 
          m_BoolArgument: 0
        m_CallState: 2
  onTriggerExit:
    m_PersistentCalls:
      m_Calls:
      - m_Target: {fileID: 2444276179274587488}
        m_MethodName: OnOutObject
        m_Mode: 0
        m_Arguments:
          m_ObjectArgument: {fileID: 0}
          m_ObjectArgumentAssemblyTypeName: UnityEngine.Object, UnityEngine
          m_IntArgument: 0
          m_FloatArgument: 0
          m_StringArgument: 
          m_BoolArgument: 0
        m_CallState: 2
--- !u!1 &92490826270168036
GameObject:
  m_ObjectHideFlags: 0
  m_CorrespondingSourceObject: {fileID: 0}
  m_PrefabInstance: {fileID: 0}
  m_PrefabAsset: {fileID: 0}
  serializedVersion: 6
  m_Component:
  - component: {fileID: 4942813209186454756}
  m_Layer: 12
  m_Name: DEF-f_index.02.R
  m_TagString: Untagged
  m_Icon: {fileID: 0}
  m_NavMeshLayer: 0
  m_StaticEditorFlags: 0
  m_IsActive: 1
--- !u!4 &4942813209186454756
Transform:
  m_ObjectHideFlags: 0
  m_CorrespondingSourceObject: {fileID: 0}
  m_PrefabInstance: {fileID: 0}
  m_PrefabAsset: {fileID: 0}
  m_GameObject: {fileID: 92490826270168036}
  m_LocalRotation: {x: 0.08831873, y: 0.000769437, z: -0.00868936, w: 0.9960541}
  m_LocalPosition: {x: 1.8626451e-11, y: 0.0002735627, z: 2.6077032e-10}
  m_LocalScale: {x: 0.99999917, y: 1.0000021, z: 0.9999989}
  m_Children:
  - {fileID: 4167870285240047206}
  m_Father: {fileID: 5375555840811591725}
  m_RootOrder: 0
  m_LocalEulerAnglesHint: {x: 0, y: 0, z: 0}
--- !u!1 &161320008019027446
GameObject:
  m_ObjectHideFlags: 0
  m_CorrespondingSourceObject: {fileID: 0}
  m_PrefabInstance: {fileID: 0}
  m_PrefabAsset: {fileID: 0}
  serializedVersion: 6
  m_Component:
  - component: {fileID: 6342276956151964319}
  m_Layer: 12
  m_Name: SimpleSkeleton_rig
  m_TagString: Untagged
  m_Icon: {fileID: 0}
  m_NavMeshLayer: 0
  m_StaticEditorFlags: 0
  m_IsActive: 1
--- !u!4 &6342276956151964319
Transform:
  m_ObjectHideFlags: 0
  m_CorrespondingSourceObject: {fileID: 0}
  m_PrefabInstance: {fileID: 0}
  m_PrefabAsset: {fileID: 0}
  m_GameObject: {fileID: 161320008019027446}
  m_LocalRotation: {x: -0.7071068, y: 0, z: -0, w: 0.7071067}
  m_LocalPosition: {x: -0, y: 0, z: 0}
  m_LocalScale: {x: 100, y: 100, z: 100}
  m_Children:
  - {fileID: 2617657695028494253}
  m_Father: {fileID: 5315776424841045392}
  m_RootOrder: 1
  m_LocalEulerAnglesHint: {x: 0, y: 0, z: 0}
--- !u!1 &278805205511083754
GameObject:
  m_ObjectHideFlags: 0
  m_CorrespondingSourceObject: {fileID: 0}
  m_PrefabInstance: {fileID: 0}
  m_PrefabAsset: {fileID: 0}
  serializedVersion: 6
  m_Component:
  - component: {fileID: 3512999136964233643}
  m_Layer: 12
  m_Name: DEF-shin.R
  m_TagString: Untagged
  m_Icon: {fileID: 0}
  m_NavMeshLayer: 0
  m_StaticEditorFlags: 0
  m_IsActive: 1
--- !u!4 &3512999136964233643
Transform:
  m_ObjectHideFlags: 0
  m_CorrespondingSourceObject: {fileID: 0}
  m_PrefabInstance: {fileID: 0}
  m_PrefabAsset: {fileID: 0}
  m_GameObject: {fileID: 278805205511083754}
  m_LocalRotation: {x: 0.05656779, y: -0.00000011221282, z: -0.00000003331991, w: 0.9983988}
  m_LocalPosition: {x: 4.6566126e-11, y: 0.003497044, z: 4.6566126e-11}
  m_LocalScale: {x: 1.0003105, y: 0.9994438, z: 1.0002465}
  m_Children:
  - {fileID: 2277626663892840879}
  m_Father: {fileID: 1907063785020976948}
  m_RootOrder: 0
  m_LocalEulerAnglesHint: {x: 0, y: 0, z: 0}
--- !u!1 &345758181808008362
GameObject:
  m_ObjectHideFlags: 0
  m_CorrespondingSourceObject: {fileID: 0}
  m_PrefabInstance: {fileID: 0}
  m_PrefabAsset: {fileID: 0}
  serializedVersion: 6
  m_Component:
  - component: {fileID: 8044654254573083781}
  m_Layer: 12
  m_Name: DEF-f_index.03.L
  m_TagString: Untagged
  m_Icon: {fileID: 0}
  m_NavMeshLayer: 0
  m_StaticEditorFlags: 0
  m_IsActive: 1
--- !u!4 &8044654254573083781
Transform:
  m_ObjectHideFlags: 0
  m_CorrespondingSourceObject: {fileID: 0}
  m_PrefabInstance: {fileID: 0}
  m_PrefabAsset: {fileID: 0}
  m_GameObject: {fileID: 345758181808008362}
  m_LocalRotation: {x: 0.07362468, y: 0.00043646636, z: -0.023354925, w: 0.99701244}
  m_LocalPosition: {x: -0, y: 0.0002203637, z: -1.4901161e-10}
  m_LocalScale: {x: 1.000002, y: 0.9999957, z: 1.0000021}
  m_Children: []
  m_Father: {fileID: 5723007947653815822}
  m_RootOrder: 0
  m_LocalEulerAnglesHint: {x: 0, y: 0, z: 0}
--- !u!1 &369793984540376117
GameObject:
  m_ObjectHideFlags: 0
  m_CorrespondingSourceObject: {fileID: 0}
  m_PrefabInstance: {fileID: 0}
  m_PrefabAsset: {fileID: 0}
  serializedVersion: 6
  m_Component:
  - component: {fileID: 8042277562853347060}
  m_Layer: 12
  m_Name: DEF-thumb.03.L
  m_TagString: Untagged
  m_Icon: {fileID: 0}
  m_NavMeshLayer: 0
  m_StaticEditorFlags: 0
  m_IsActive: 1
--- !u!4 &8042277562853347060
Transform:
  m_ObjectHideFlags: 0
  m_CorrespondingSourceObject: {fileID: 0}
  m_PrefabInstance: {fileID: 0}
  m_PrefabAsset: {fileID: 0}
  m_GameObject: {fileID: 369793984540376117}
  m_LocalRotation: {x: 0.07689963, y: -0.00052278256, z: 0.024591804, w: 0.9967354}
  m_LocalPosition: {x: 7.4505804e-11, y: 0.00022248841, z: -7.4505804e-11}
  m_LocalScale: {x: 1.000003, y: 0.9999939, z: 1.000003}
  m_Children: []
  m_Father: {fileID: 7267184149330971401}
  m_RootOrder: 0
  m_LocalEulerAnglesHint: {x: 0, y: 0, z: 0}
--- !u!1 &553016206002102636
GameObject:
  m_ObjectHideFlags: 0
  m_CorrespondingSourceObject: {fileID: 0}
  m_PrefabInstance: {fileID: 0}
  m_PrefabAsset: {fileID: 0}
  serializedVersion: 6
  m_Component:
  - component: {fileID: 3705361177578382976}
  - component: {fileID: 318480444}
  - component: {fileID: 71464705}
  m_Layer: 13
  m_Name: EnemyAttackDetector
  m_TagString: Untagged
  m_Icon: {fileID: 0}
  m_NavMeshLayer: 0
  m_StaticEditorFlags: 0
  m_IsActive: 1
--- !u!4 &3705361177578382976
Transform:
  m_ObjectHideFlags: 0
  m_CorrespondingSourceObject: {fileID: 0}
  m_PrefabInstance: {fileID: 0}
  m_PrefabAsset: {fileID: 0}
  m_GameObject: {fileID: 553016206002102636}
  m_LocalRotation: {x: 0, y: 0, z: 0, w: 1}
  m_LocalPosition: {x: 0, y: 0, z: 0}
  m_LocalScale: {x: 1, y: 1, z: 1}
  m_Children: []
  m_Father: {fileID: 5315776424841045392}
  m_RootOrder: 4
  m_LocalEulerAnglesHint: {x: 0, y: 0, z: 0}
--- !u!65 &318480444
BoxCollider:
  m_ObjectHideFlags: 0
  m_CorrespondingSourceObject: {fileID: 0}
  m_PrefabInstance: {fileID: 0}
  m_PrefabAsset: {fileID: 0}
  m_GameObject: {fileID: 553016206002102636}
  m_Material: {fileID: 0}
  m_IsTrigger: 1
  m_Enabled: 0
  serializedVersion: 2
  m_Size: {x: 1, y: 1, z: 0.5}
  m_Center: {x: 0, y: 1, z: 0.5}
--- !u!114 &71464705
MonoBehaviour:
  m_ObjectHideFlags: 0
  m_CorrespondingSourceObject: {fileID: 0}
  m_PrefabInstance: {fileID: 0}
  m_PrefabAsset: {fileID: 0}
  m_GameObject: {fileID: 553016206002102636}
  m_Enabled: 1
  m_EditorHideFlags: 0
  m_Script: {fileID: 11500000, guid: 0942e92b5869a2849baababc537753e8, type: 3}
  m_Name: 
  m_EditorClassIdentifier: 
  onTriggerEnter:
    m_PersistentCalls:
      m_Calls:
      - m_Target: {fileID: 363750629}
        m_MethodName: OnHitAttack
        m_Mode: 0
        m_Arguments:
          m_ObjectArgument: {fileID: 0}
          m_ObjectArgumentAssemblyTypeName: UnityEngine.Object, UnityEngine
          m_IntArgument: 0
          m_FloatArgument: 0
          m_StringArgument: 
          m_BoolArgument: 0
        m_CallState: 2
  onTriggerStay:
    m_PersistentCalls:
      m_Calls: []
--- !u!1 &788501914450220204
GameObject:
  m_ObjectHideFlags: 0
  m_CorrespondingSourceObject: {fileID: 0}
  m_PrefabInstance: {fileID: 0}
  m_PrefabAsset: {fileID: 0}
  serializedVersion: 6
  m_Component:
  - component: {fileID: 640760376339733468}
  m_Layer: 12
  m_Name: DEF-spine
  m_TagString: Untagged
  m_Icon: {fileID: 0}
  m_NavMeshLayer: 0
  m_StaticEditorFlags: 0
  m_IsActive: 1
--- !u!4 &640760376339733468
Transform:
  m_ObjectHideFlags: 0
  m_CorrespondingSourceObject: {fileID: 0}
  m_PrefabInstance: {fileID: 0}
  m_PrefabAsset: {fileID: 0}
  m_GameObject: {fileID: 788501914450220204}
  m_LocalRotation: {x: 0.77838606, y: -3.2373902e-15, z: -0.00000018558168, w: 0.6277859}
  m_LocalPosition: {x: -2.8805558e-10, y: 0.00040633883, z: 0.008517341}
  m_LocalScale: {x: 1, y: 1, z: 0.99999994}
  m_Children:
  - {fileID: 4865445958806177169}
  - {fileID: 6624117480481921124}
  - {fileID: 1907063785020976948}
  m_Father: {fileID: 2617657695028494253}
  m_RootOrder: 0
  m_LocalEulerAnglesHint: {x: 0, y: 0, z: 0}
--- !u!1 &945496212912696901
GameObject:
  m_ObjectHideFlags: 0
  m_CorrespondingSourceObject: {fileID: 0}
  m_PrefabInstance: {fileID: 0}
  m_PrefabAsset: {fileID: 0}
  serializedVersion: 6
  m_Component:
  - component: {fileID: 2832573954273298541}
  m_Layer: 12
  m_Name: DEF-shoulder.R
  m_TagString: Untagged
  m_Icon: {fileID: 0}
  m_NavMeshLayer: 0
  m_StaticEditorFlags: 0
  m_IsActive: 1
--- !u!4 &2832573954273298541
Transform:
  m_ObjectHideFlags: 0
  m_CorrespondingSourceObject: {fileID: 0}
  m_PrefabInstance: {fileID: 0}
  m_PrefabAsset: {fileID: 0}
  m_GameObject: {fileID: 945496212912696901}
  m_LocalRotation: {x: -0.5673885, y: -0.37357765, z: -0.33179402, w: 0.6545402}
  m_LocalPosition: {x: 0.00023485522, y: 0.0010553643, z: 0.00084179896}
  m_LocalScale: {x: 1, y: 0.99999994, z: 0.99999994}
  m_Children:
  - {fileID: 5241520037876282799}
  m_Father: {fileID: 5897962287361110574}
  m_RootOrder: 1
  m_LocalEulerAnglesHint: {x: 0, y: 0, z: 0}
--- !u!1 &1033285211175587107
GameObject:
  m_ObjectHideFlags: 0
  m_CorrespondingSourceObject: {fileID: 0}
  m_PrefabInstance: {fileID: 0}
  m_PrefabAsset: {fileID: 0}
  serializedVersion: 6
  m_Component:
  - component: {fileID: 4167870285240047206}
  m_Layer: 12
  m_Name: DEF-f_index.03.R
  m_TagString: Untagged
  m_Icon: {fileID: 0}
  m_NavMeshLayer: 0
  m_StaticEditorFlags: 0
  m_IsActive: 1
--- !u!4 &4167870285240047206
Transform:
  m_ObjectHideFlags: 0
  m_CorrespondingSourceObject: {fileID: 0}
  m_PrefabInstance: {fileID: 0}
  m_PrefabAsset: {fileID: 0}
  m_GameObject: {fileID: 1033285211175587107}
  m_LocalRotation: {x: 0.07362615, y: -0.00043657672, z: 0.023355337, w: 0.9970123}
  m_LocalPosition: {x: 3.7252902e-11, y: 0.00022036329, z: -7.8231094e-10}
  m_LocalScale: {x: 1.0000026, y: 0.99999434, z: 1.0000025}
  m_Children: []
  m_Father: {fileID: 4942813209186454756}
  m_RootOrder: 0
  m_LocalEulerAnglesHint: {x: 0, y: 0, z: 0}
--- !u!1 &1077578436895999547
GameObject:
  m_ObjectHideFlags: 0
  m_CorrespondingSourceObject: {fileID: 0}
  m_PrefabInstance: {fileID: 0}
  m_PrefabAsset: {fileID: 0}
  serializedVersion: 6
  m_Component:
  - component: {fileID: 4865445958806177169}
  m_Layer: 12
  m_Name: DEF-spine.001
  m_TagString: Untagged
  m_Icon: {fileID: 0}
  m_NavMeshLayer: 0
  m_StaticEditorFlags: 0
  m_IsActive: 1
--- !u!4 &4865445958806177169
Transform:
  m_ObjectHideFlags: 0
  m_CorrespondingSourceObject: {fileID: 0}
  m_PrefabInstance: {fileID: 0}
  m_PrefabAsset: {fileID: 0}
  m_GameObject: {fileID: 1077578436895999547}
  m_LocalRotation: {x: -0.045044616, y: 0.00000012441726, z: 0.00000012355443, w: 0.998985}
  m_LocalPosition: {x: -0, y: 0.001236231, z: 3.7252902e-11}
  m_LocalScale: {x: 1, y: 0.99999994, z: 0.9999999}
  m_Children:
  - {fileID: 6162754902001901341}
  m_Father: {fileID: 640760376339733468}
  m_RootOrder: 0
  m_LocalEulerAnglesHint: {x: 0, y: 0, z: 0}
--- !u!1 &1147134208666784000
GameObject:
  m_ObjectHideFlags: 0
  m_CorrespondingSourceObject: {fileID: 0}
  m_PrefabInstance: {fileID: 0}
  m_PrefabAsset: {fileID: 0}
  serializedVersion: 6
  m_Component:
  - component: {fileID: 2431310317250587004}
  m_Layer: 12
  m_Name: DEF-thumb.01.R
  m_TagString: Untagged
  m_Icon: {fileID: 0}
  m_NavMeshLayer: 0
  m_StaticEditorFlags: 0
  m_IsActive: 1
--- !u!4 &2431310317250587004
Transform:
  m_ObjectHideFlags: 0
  m_CorrespondingSourceObject: {fileID: 0}
  m_PrefabInstance: {fileID: 0}
  m_PrefabAsset: {fileID: 0}
  m_GameObject: {fileID: 1147134208666784000}
  m_LocalRotation: {x: -0.04640962, y: 0.5411081, z: 0.30634198, w: 0.7817946}
  m_LocalPosition: {x: -0.00025688444, y: 0.00020299901, z: 0.000011920011}
  m_LocalScale: {x: 1.000001, y: 0.999998, z: 1.0000011}
  m_Children:
  - {fileID: 8340250051761914279}
  m_Father: {fileID: 8757798289930676443}
  m_RootOrder: 4
  m_LocalEulerAnglesHint: {x: 0, y: 0, z: 0}
--- !u!1 &1338736549766564473
GameObject:
  m_ObjectHideFlags: 0
  m_CorrespondingSourceObject: {fileID: 0}
  m_PrefabInstance: {fileID: 0}
  m_PrefabAsset: {fileID: 0}
  serializedVersion: 6
  m_Component:
  - component: {fileID: 9094483324035207506}
  m_Layer: 12
  m_Name: DEF-f_index.01.L
  m_TagString: Untagged
  m_Icon: {fileID: 0}
  m_NavMeshLayer: 0
  m_StaticEditorFlags: 0
  m_IsActive: 1
--- !u!4 &9094483324035207506
Transform:
  m_ObjectHideFlags: 0
  m_CorrespondingSourceObject: {fileID: 0}
  m_PrefabInstance: {fileID: 0}
  m_PrefabAsset: {fileID: 0}
  m_GameObject: {fileID: 1338736549766564473}
  m_LocalRotation: {x: 0.28001347, y: 0.085827984, z: -0.033421595, w: 0.95556736}
  m_LocalPosition: {x: 0.00020155583, y: 0.0007468713, z: 0.000028795306}
  m_LocalScale: {x: 1.000001, y: 0.9999981, z: 1.000001}
  m_Children:
  - {fileID: 5723007947653815822}
  m_Father: {fileID: 1814738978270520321}
  m_RootOrder: 0
  m_LocalEulerAnglesHint: {x: 0, y: 0, z: 0}
--- !u!1 &1357931354555238040
GameObject:
  m_ObjectHideFlags: 0
  m_CorrespondingSourceObject: {fileID: 0}
  m_PrefabInstance: {fileID: 0}
  m_PrefabAsset: {fileID: 0}
  serializedVersion: 6
  m_Component:
  - component: {fileID: 5375555840811591725}
  m_Layer: 12
  m_Name: DEF-f_index.01.R
  m_TagString: Untagged
  m_Icon: {fileID: 0}
  m_NavMeshLayer: 0
  m_StaticEditorFlags: 0
  m_IsActive: 1
--- !u!4 &5375555840811591725
Transform:
  m_ObjectHideFlags: 0
  m_CorrespondingSourceObject: {fileID: 0}
  m_PrefabInstance: {fileID: 0}
  m_PrefabAsset: {fileID: 0}
  m_GameObject: {fileID: 1357931354555238040}
  m_LocalRotation: {x: 0.28001314, y: -0.08582817, z: 0.033421658, w: 0.9555675}
  m_LocalPosition: {x: -0.00020155593, y: 0.00074687053, z: 0.000028795142}
  m_LocalScale: {x: 0.9999986, y: 1.0000024, z: 0.9999986}
  m_Children:
  - {fileID: 4942813209186454756}
  m_Father: {fileID: 8757798289930676443}
  m_RootOrder: 0
  m_LocalEulerAnglesHint: {x: 0, y: 0, z: 0}
--- !u!1 &1404930130939540557
GameObject:
  m_ObjectHideFlags: 0
  m_CorrespondingSourceObject: {fileID: 0}
  m_PrefabInstance: {fileID: 0}
  m_PrefabAsset: {fileID: 0}
  serializedVersion: 6
  m_Component:
  - component: {fileID: 1931958884515475776}
  m_Layer: 12
  m_Name: DEF-f_pinky.03.L
  m_TagString: Untagged
  m_Icon: {fileID: 0}
  m_NavMeshLayer: 0
  m_StaticEditorFlags: 0
  m_IsActive: 1
--- !u!4 &1931958884515475776
Transform:
  m_ObjectHideFlags: 0
  m_CorrespondingSourceObject: {fileID: 0}
  m_PrefabInstance: {fileID: 0}
  m_PrefabAsset: {fileID: 0}
  m_GameObject: {fileID: 1404930130939540557}
  m_LocalRotation: {x: 0.016543364, y: 0.000020828606, z: -0.0068906103, w: 0.9998394}
  m_LocalPosition: {x: -1.2107193e-10, y: 0.00020183861, z: 1.16415315e-11}
  m_LocalScale: {x: 1.0000013, y: 0.9999976, z: 1.0000012}
  m_Children: []
  m_Father: {fileID: 6213532207940631827}
  m_RootOrder: 0
  m_LocalEulerAnglesHint: {x: 0, y: 0, z: 0}
--- !u!1 &1538787158046310706
GameObject:
  m_ObjectHideFlags: 0
  m_CorrespondingSourceObject: {fileID: 0}
  m_PrefabInstance: {fileID: 0}
  m_PrefabAsset: {fileID: 0}
  serializedVersion: 6
  m_Component:
  - component: {fileID: 1356768111938825178}
  m_Layer: 12
  m_Name: DEF-thumb.03.R
  m_TagString: Untagged
  m_Icon: {fileID: 0}
  m_NavMeshLayer: 0
  m_StaticEditorFlags: 0
  m_IsActive: 1
--- !u!4 &1356768111938825178
Transform:
  m_ObjectHideFlags: 0
  m_CorrespondingSourceObject: {fileID: 0}
  m_PrefabInstance: {fileID: 0}
  m_PrefabAsset: {fileID: 0}
  m_GameObject: {fileID: 1538787158046310706}
  m_LocalRotation: {x: 0.076900005, y: 0.0005227375, z: -0.024591869, w: 0.99673533}
  m_LocalPosition: {x: -1.8626451e-11, y: 0.00022248864, z: -1.7695129e-10}
  m_LocalScale: {x: 1.0000045, y: 0.9999911, z: 1.0000044}
  m_Children: []
  m_Father: {fileID: 8340250051761914279}
  m_RootOrder: 0
  m_LocalEulerAnglesHint: {x: 0, y: 0, z: 0}
--- !u!1 &1641775692926568770
GameObject:
  m_ObjectHideFlags: 0
  m_CorrespondingSourceObject: {fileID: 0}
  m_PrefabInstance: {fileID: 0}
  m_PrefabAsset: {fileID: 0}
  serializedVersion: 6
  m_Component:
  - component: {fileID: 8662669361525687847}
  m_Layer: 12
  m_Name: DEF-foot.L
  m_TagString: Untagged
  m_Icon: {fileID: 0}
  m_NavMeshLayer: 0
  m_StaticEditorFlags: 0
  m_IsActive: 1
--- !u!4 &8662669361525687847
Transform:
  m_ObjectHideFlags: 0
  m_CorrespondingSourceObject: {fileID: 0}
  m_PrefabInstance: {fileID: 0}
  m_PrefabAsset: {fileID: 0}
  m_GameObject: {fileID: 1641775692926568770}
  m_LocalRotation: {x: -0.6465474, y: 0.028664801, z: 0.035489704, w: 0.7615086}
  m_LocalPosition: {x: -5.1804817e-11, y: 0.0042782826, z: 4.6566128e-12}
  m_LocalScale: {x: 1.0023569, y: 1.0021752, z: 0.99548626}
  m_Children:
  - {fileID: 6722137523342483041}
  m_Father: {fileID: 7899476715249415657}
  m_RootOrder: 0
  m_LocalEulerAnglesHint: {x: 0, y: 0, z: 0}
--- !u!1 &1670764485660773093
GameObject:
  m_ObjectHideFlags: 0
  m_CorrespondingSourceObject: {fileID: 0}
  m_PrefabInstance: {fileID: 0}
  m_PrefabAsset: {fileID: 0}
  serializedVersion: 6
  m_Component:
  - component: {fileID: 1814738978270520321}
  m_Layer: 12
  m_Name: DEF-hand.L
  m_TagString: Untagged
  m_Icon: {fileID: 0}
  m_NavMeshLayer: 0
  m_StaticEditorFlags: 0
  m_IsActive: 1
--- !u!4 &1814738978270520321
Transform:
  m_ObjectHideFlags: 0
  m_CorrespondingSourceObject: {fileID: 0}
  m_PrefabInstance: {fileID: 0}
  m_PrefabAsset: {fileID: 0}
  m_GameObject: {fileID: 1670764485660773093}
  m_LocalRotation: {x: -0.023488285, y: 0.090220846, z: 0.07541514, w: 0.9927845}
  m_LocalPosition: {x: 5.5879353e-11, y: 0.0025823668, z: 3.8184225e-10}
  m_LocalScale: {x: 1.0199255, y: 0.9605111, z: 1.0209696}
  m_Children:
  - {fileID: 9094483324035207506}
  - {fileID: 5424390161703405004}
  - {fileID: 7494443551204522347}
  - {fileID: 1106369400459348071}
  - {fileID: 6861792471832992932}
  m_Father: {fileID: 7022507216716760248}
  m_RootOrder: 0
  m_LocalEulerAnglesHint: {x: 0, y: 0, z: 0}
--- !u!1 &1842453138540826080
GameObject:
  m_ObjectHideFlags: 0
  m_CorrespondingSourceObject: {fileID: 0}
  m_PrefabInstance: {fileID: 0}
  m_PrefabAsset: {fileID: 0}
  serializedVersion: 6
  m_Component:
  - component: {fileID: 2470683688890056158}
  m_Layer: 12
  m_Name: DEF-f_ring.02.L
  m_TagString: Untagged
  m_Icon: {fileID: 0}
  m_NavMeshLayer: 0
  m_StaticEditorFlags: 0
  m_IsActive: 1
--- !u!4 &2470683688890056158
Transform:
  m_ObjectHideFlags: 0
  m_CorrespondingSourceObject: {fileID: 0}
  m_PrefabInstance: {fileID: 0}
  m_PrefabAsset: {fileID: 0}
  m_GameObject: {fileID: 1842453138540826080}
  m_LocalRotation: {x: 0.095864706, y: -0.00035993758, z: 0.0037653553, w: 0.9953872}
  m_LocalPosition: {x: 3.7252902e-11, y: 0.00033602715, z: -1.6298145e-10}
  m_LocalScale: {x: 1.0000019, y: 0.9999963, z: 1.0000017}
  m_Children:
  - {fileID: 2437352579555609231}
  m_Father: {fileID: 1106369400459348071}
  m_RootOrder: 0
  m_LocalEulerAnglesHint: {x: 0, y: 0, z: 0}
--- !u!1 &1864602320825144810
GameObject:
  m_ObjectHideFlags: 0
  m_CorrespondingSourceObject: {fileID: 0}
  m_PrefabInstance: {fileID: 0}
  m_PrefabAsset: {fileID: 0}
  serializedVersion: 6
  m_Component:
  - component: {fileID: 103032692682354038}
  m_Layer: 12
  m_Name: DEF-shoulder.L
  m_TagString: Untagged
  m_Icon: {fileID: 0}
  m_NavMeshLayer: 0
  m_StaticEditorFlags: 0
  m_IsActive: 1
--- !u!4 &103032692682354038
Transform:
  m_ObjectHideFlags: 0
  m_CorrespondingSourceObject: {fileID: 0}
  m_PrefabInstance: {fileID: 0}
  m_PrefabAsset: {fileID: 0}
  m_GameObject: {fileID: 1864602320825144810}
  m_LocalRotation: {x: -0.5673885, y: 0.37357765, z: 0.33179402, w: 0.6545402}
  m_LocalPosition: {x: -0.00023485522, y: 0.0010553643, z: 0.00084179896}
  m_LocalScale: {x: 1, y: 0.99999994, z: 0.99999994}
  m_Children:
  - {fileID: 8970001376839732550}
  m_Father: {fileID: 5897962287361110574}
  m_RootOrder: 0
  m_LocalEulerAnglesHint: {x: 0, y: 0, z: 0}
--- !u!1 &1981450457020093725
GameObject:
  m_ObjectHideFlags: 0
  m_CorrespondingSourceObject: {fileID: 0}
  m_PrefabInstance: {fileID: 0}
  m_PrefabAsset: {fileID: 0}
  serializedVersion: 6
  m_Component:
  - component: {fileID: 6007344980690705344}
  m_Layer: 12
  m_Name: DEF-f_middle.02.R
  m_TagString: Untagged
  m_Icon: {fileID: 0}
  m_NavMeshLayer: 0
  m_StaticEditorFlags: 0
  m_IsActive: 1
--- !u!4 &6007344980690705344
Transform:
  m_ObjectHideFlags: 0
  m_CorrespondingSourceObject: {fileID: 0}
  m_PrefabInstance: {fileID: 0}
  m_PrefabAsset: {fileID: 0}
  m_GameObject: {fileID: 1981450457020093725}
  m_LocalRotation: {x: 0.10218903, y: 0.00075310277, z: -0.007301375, w: 0.9947379}
  m_LocalPosition: {x: 3.7252902e-11, y: 0.0003140027, z: -2.5145708e-10}
  m_LocalScale: {x: 0.9999995, y: 1.000001, z: 0.99999946}
  m_Children:
  - {fileID: 8795340893583698798}
  m_Father: {fileID: 5719372336720737111}
  m_RootOrder: 0
  m_LocalEulerAnglesHint: {x: 0, y: 0, z: 0}
--- !u!1 &2023042562089616191
GameObject:
  m_ObjectHideFlags: 0
  m_CorrespondingSourceObject: {fileID: 0}
  m_PrefabInstance: {fileID: 0}
  m_PrefabAsset: {fileID: 0}
  serializedVersion: 6
  m_Component:
  - component: {fileID: 5897962287361110574}
  m_Layer: 12
  m_Name: DEF-spine.003
  m_TagString: Untagged
  m_Icon: {fileID: 0}
  m_NavMeshLayer: 0
  m_StaticEditorFlags: 0
  m_IsActive: 1
--- !u!4 &5897962287361110574
Transform:
  m_ObjectHideFlags: 0
  m_CorrespondingSourceObject: {fileID: 0}
  m_PrefabInstance: {fileID: 0}
  m_PrefabAsset: {fileID: 0}
  m_GameObject: {fileID: 2023042562089616191}
  m_LocalRotation: {x: 0.0016271741, y: -0, z: -0, w: 0.9999987}
  m_LocalPosition: {x: -0, y: 0.0014528836, z: -4.6566128e-12}
  m_LocalScale: {x: 1, y: 1.0000001, z: 0.99999994}
  m_Children:
  - {fileID: 103032692682354038}
  - {fileID: 2832573954273298541}
  - {fileID: 6890045009852244}
  m_Father: {fileID: 6162754902001901341}
  m_RootOrder: 0
  m_LocalEulerAnglesHint: {x: 0, y: 0, z: 0}
--- !u!1 &2263229023673820482
GameObject:
  m_ObjectHideFlags: 0
  m_CorrespondingSourceObject: {fileID: 0}
  m_PrefabInstance: {fileID: 0}
  m_PrefabAsset: {fileID: 0}
  serializedVersion: 6
  m_Component:
  - component: {fileID: 5241520037876282799}
  m_Layer: 12
  m_Name: DEF-upper_arm.R
  m_TagString: Untagged
  m_Icon: {fileID: 0}
  m_NavMeshLayer: 0
  m_StaticEditorFlags: 0
  m_IsActive: 1
--- !u!4 &5241520037876282799
Transform:
  m_ObjectHideFlags: 0
  m_CorrespondingSourceObject: {fileID: 0}
  m_PrefabInstance: {fileID: 0}
  m_PrefabAsset: {fileID: 0}
  m_GameObject: {fileID: 2263229023673820482}
  m_LocalRotation: {x: -0.25695777, y: -0.6529463, z: 0.68929833, w: 0.18028212}
  m_LocalPosition: {x: 0.000022548782, y: 0.0011877707, z: -0.00033522482}
  m_LocalScale: {x: 0.976463, y: 1.04879, z: 0.97646296}
  m_Children:
  - {fileID: 8535031242495236065}
  m_Father: {fileID: 2832573954273298541}
  m_RootOrder: 0
  m_LocalEulerAnglesHint: {x: 0, y: 0, z: 0}
--- !u!1 &2909550587182061062
GameObject:
  m_ObjectHideFlags: 0
  m_CorrespondingSourceObject: {fileID: 0}
  m_PrefabInstance: {fileID: 0}
  m_PrefabAsset: {fileID: 0}
  serializedVersion: 6
  m_Component:
  - component: {fileID: 6890045009852244}
  m_Layer: 12
  m_Name: DEF-spine.004
  m_TagString: Untagged
  m_Icon: {fileID: 0}
  m_NavMeshLayer: 0
  m_StaticEditorFlags: 0
  m_IsActive: 1
--- !u!4 &6890045009852244
Transform:
  m_ObjectHideFlags: 0
  m_CorrespondingSourceObject: {fileID: 0}
  m_PrefabInstance: {fileID: 0}
  m_PrefabAsset: {fileID: 0}
  m_GameObject: {fileID: 2909550587182061062}
  m_LocalRotation: {x: 0.20173775, y: -0, z: -0, w: 0.9794396}
  m_LocalPosition: {x: -0, y: 0.0016183604, z: -2.7939677e-11}
  m_LocalScale: {x: 1, y: 1, z: 1.0000001}
  m_Children:
  - {fileID: 670916890383346475}
  m_Father: {fileID: 5897962287361110574}
  m_RootOrder: 2
  m_LocalEulerAnglesHint: {x: 0, y: 0, z: 0}
--- !u!1 &3294197717005278820
GameObject:
  m_ObjectHideFlags: 0
  m_CorrespondingSourceObject: {fileID: 0}
  m_PrefabInstance: {fileID: 0}
  m_PrefabAsset: {fileID: 0}
  serializedVersion: 6
  m_Component:
  - component: {fileID: 5719372336720737111}
  m_Layer: 12
  m_Name: DEF-f_middle.01.R
  m_TagString: Untagged
  m_Icon: {fileID: 0}
  m_NavMeshLayer: 0
  m_StaticEditorFlags: 0
  m_IsActive: 1
--- !u!4 &5719372336720737111
Transform:
  m_ObjectHideFlags: 0
  m_CorrespondingSourceObject: {fileID: 0}
  m_PrefabInstance: {fileID: 0}
  m_PrefabAsset: {fileID: 0}
  m_GameObject: {fileID: 3294197717005278820}
  m_LocalRotation: {x: 0.2551498, y: -0.0000075110215, z: 0.024341794, w: 0.96659505}
  m_LocalPosition: {x: -0.00004213593, y: 0.0007684258, z: 0.000042829914}
  m_LocalScale: {x: 0.99999976, y: 1.0000005, z: 0.99999964}
  m_Children:
  - {fileID: 6007344980690705344}
  m_Father: {fileID: 8757798289930676443}
  m_RootOrder: 1
  m_LocalEulerAnglesHint: {x: 0, y: 0, z: 0}
--- !u!1 &3432385041974644947
GameObject:
  m_ObjectHideFlags: 0
  m_CorrespondingSourceObject: {fileID: 0}
  m_PrefabInstance: {fileID: 0}
  m_PrefabAsset: {fileID: 0}
  serializedVersion: 6
  m_Component:
  - component: {fileID: 6722137523342483041}
  m_Layer: 12
  m_Name: DEF-toe.L
  m_TagString: Untagged
  m_Icon: {fileID: 0}
  m_NavMeshLayer: 0
  m_StaticEditorFlags: 0
  m_IsActive: 1
--- !u!4 &6722137523342483041
Transform:
  m_ObjectHideFlags: 0
  m_CorrespondingSourceObject: {fileID: 0}
  m_PrefabInstance: {fileID: 0}
  m_PrefabAsset: {fileID: 0}
  m_GameObject: {fileID: 3432385041974644947}
  m_LocalRotation: {x: -0.009265932, y: 0.9989317, z: -0.045272097, w: -0.00023803406}
  m_LocalPosition: {x: 3.9365202e-11, y: 0.0013528338, z: -2.8230715e-11}
  m_LocalScale: {x: 0.9999997, y: 1, z: 1.0000029}
  m_Children: []
  m_Father: {fileID: 8662669361525687847}
  m_RootOrder: 0
  m_LocalEulerAnglesHint: {x: 0, y: 0, z: 0}
--- !u!1 &3448873944877747868
GameObject:
  m_ObjectHideFlags: 0
  m_CorrespondingSourceObject: {fileID: 0}
  m_PrefabInstance: {fileID: 0}
  m_PrefabAsset: {fileID: 0}
  serializedVersion: 6
  m_Component:
  - component: {fileID: 1635788755474472171}
  m_Layer: 12
  m_Name: DEF-spine.006
  m_TagString: Untagged
  m_Icon: {fileID: 0}
  m_NavMeshLayer: 0
  m_StaticEditorFlags: 0
  m_IsActive: 1
--- !u!4 &1635788755474472171
Transform:
  m_ObjectHideFlags: 0
  m_CorrespondingSourceObject: {fileID: 0}
  m_PrefabInstance: {fileID: 0}
  m_PrefabAsset: {fileID: 0}
  m_GameObject: {fileID: 3448873944877747868}
  m_LocalRotation: {x: -0.093711995, y: 0, z: -0, w: 0.9955994}
  m_LocalPosition: {x: -0, y: 0.0005269183, z: 1.862645e-10}
  m_LocalScale: {x: 1, y: 1, z: 1}
  m_Children:
  - {fileID: 6027890113424438463}
  m_Father: {fileID: 670916890383346475}
  m_RootOrder: 0
  m_LocalEulerAnglesHint: {x: 0, y: 0, z: 0}
--- !u!1 &3575020970669962272
GameObject:
  m_ObjectHideFlags: 0
  m_CorrespondingSourceObject: {fileID: 0}
  m_PrefabInstance: {fileID: 0}
  m_PrefabAsset: {fileID: 0}
  serializedVersion: 6
  m_Component:
  - component: {fileID: 1084007038058220561}
  - component: {fileID: 162007399727813540}
  m_Layer: 12
  m_Name: SimpleSkeleton
  m_TagString: Untagged
  m_Icon: {fileID: 0}
  m_NavMeshLayer: 0
  m_StaticEditorFlags: 0
  m_IsActive: 1
--- !u!4 &1084007038058220561
Transform:
  m_ObjectHideFlags: 0
  m_CorrespondingSourceObject: {fileID: 0}
  m_PrefabInstance: {fileID: 0}
  m_PrefabAsset: {fileID: 0}
  m_GameObject: {fileID: 3575020970669962272}
  m_LocalRotation: {x: 0, y: -0, z: -0, w: 1}
  m_LocalPosition: {x: -0, y: -0.00000011920929, z: 0.000000016763806}
  m_LocalScale: {x: 1, y: 1, z: 1}
  m_Children: []
  m_Father: {fileID: 5315776424841045392}
  m_RootOrder: 0
  m_LocalEulerAnglesHint: {x: 0, y: 0, z: 0}
--- !u!137 &162007399727813540
SkinnedMeshRenderer:
  m_ObjectHideFlags: 0
  m_CorrespondingSourceObject: {fileID: 0}
  m_PrefabInstance: {fileID: 0}
  m_PrefabAsset: {fileID: 0}
  m_GameObject: {fileID: 3575020970669962272}
  m_Enabled: 1
  m_CastShadows: 1
  m_ReceiveShadows: 1
  m_DynamicOccludee: 1
  m_MotionVectors: 1
  m_LightProbeUsage: 1
  m_ReflectionProbeUsage: 1
  m_RayTracingMode: 0
  m_RenderingLayerMask: 1
  m_RendererPriority: 0
  m_Materials:
  - {fileID: 2100000, guid: 6b8453203255afe4db6300334393d2ba, type: 2}
  m_StaticBatchInfo:
    firstSubMesh: 0
    subMeshCount: 0
  m_StaticBatchRoot: {fileID: 0}
  m_ProbeAnchor: {fileID: 0}
  m_LightProbeVolumeOverride: {fileID: 0}
  m_ScaleInLightmap: 1
  m_ReceiveGI: 1
  m_PreserveUVs: 0
  m_IgnoreNormalsForChartDetection: 0
  m_ImportantGI: 0
  m_StitchLightmapSeams: 1
  m_SelectedEditorRenderState: 3
  m_MinimumChartSize: 4
  m_AutoUVMaxDistance: 0.5
  m_AutoUVMaxAngle: 89
  m_LightmapParameters: {fileID: 0}
  m_SortingLayerID: 0
  m_SortingLayer: 0
  m_SortingOrder: 0
  serializedVersion: 2
  m_Quality: 0
  m_UpdateWhenOffscreen: 0
  m_SkinnedMotionVectors: 1
  m_Mesh: {fileID: 4300000, guid: 70b3f9a485a308847952fa8438bfd4b8, type: 3}
  m_Bones:
  - {fileID: 2617657695028494253}
  - {fileID: 640760376339733468}
  - {fileID: 4865445958806177169}
  - {fileID: 6162754902001901341}
  - {fileID: 5897962287361110574}
  - {fileID: 6890045009852244}
  - {fileID: 670916890383346475}
  - {fileID: 1635788755474472171}
  - {fileID: 6027890113424438463}
  - {fileID: 103032692682354038}
  - {fileID: 8970001376839732550}
  - {fileID: 7022507216716760248}
  - {fileID: 1814738978270520321}
  - {fileID: 9094483324035207506}
  - {fileID: 5723007947653815822}
  - {fileID: 8044654254573083781}
  - {fileID: 5424390161703405004}
  - {fileID: 7759502127399046024}
  - {fileID: 1030441096311855031}
  - {fileID: 7494443551204522347}
  - {fileID: 6213532207940631827}
  - {fileID: 1931958884515475776}
  - {fileID: 1106369400459348071}
  - {fileID: 2470683688890056158}
  - {fileID: 2437352579555609231}
  - {fileID: 6861792471832992932}
  - {fileID: 7267184149330971401}
  - {fileID: 8042277562853347060}
  - {fileID: 2832573954273298541}
  - {fileID: 5241520037876282799}
  - {fileID: 8535031242495236065}
  - {fileID: 8757798289930676443}
  - {fileID: 5375555840811591725}
  - {fileID: 4942813209186454756}
  - {fileID: 4167870285240047206}
  - {fileID: 5719372336720737111}
  - {fileID: 6007344980690705344}
  - {fileID: 8795340893583698798}
  - {fileID: 7083690149349440591}
  - {fileID: 8913215560134455842}
  - {fileID: 3440038276068514856}
  - {fileID: 4558933746038561248}
  - {fileID: 945520750065393354}
  - {fileID: 1789900836277929354}
  - {fileID: 2431310317250587004}
  - {fileID: 8340250051761914279}
  - {fileID: 1356768111938825178}
  - {fileID: 6624117480481921124}
  - {fileID: 7899476715249415657}
  - {fileID: 8662669361525687847}
  - {fileID: 6722137523342483041}
  - {fileID: 1907063785020976948}
  - {fileID: 3512999136964233643}
  - {fileID: 2277626663892840879}
  - {fileID: 9070417090199721700}
  m_BlendShapeWeights: []
  m_RootBone: {fileID: 2617657695028494253}
  m_AABB:
    m_Center: {x: -0.0000000013969839, y: -0.0005072069, z: 0.00806897}
    m_Extent: {x: 0.0019532193, y: 0.0013496951, z: 0.008483703}
  m_DirtyAABB: 0
--- !u!1 &3671684332897206538
GameObject:
  m_ObjectHideFlags: 0
  m_CorrespondingSourceObject: {fileID: 0}
  m_PrefabInstance: {fileID: 0}
  m_PrefabAsset: {fileID: 0}
  serializedVersion: 6
  m_Component:
  - component: {fileID: 4558933746038561248}
  m_Layer: 12
  m_Name: DEF-f_ring.01.R
  m_TagString: Untagged
  m_Icon: {fileID: 0}
  m_NavMeshLayer: 0
  m_StaticEditorFlags: 0
  m_IsActive: 1
--- !u!4 &4558933746038561248
Transform:
  m_ObjectHideFlags: 0
  m_CorrespondingSourceObject: {fileID: 0}
  m_PrefabInstance: {fileID: 0}
  m_PrefabAsset: {fileID: 0}
  m_GameObject: {fileID: 3671684332897206538}
  m_LocalRotation: {x: 0.23426668, y: -0.025423797, z: -0.029697338, w: 0.971386}
  m_LocalPosition: {x: 0.00011755907, y: 0.00073017634, z: -0.0000047054186}
  m_LocalScale: {x: 1.0000001, y: 0.9999994, z: 1.0000002}
  m_Children:
  - {fileID: 945520750065393354}
  m_Father: {fileID: 8757798289930676443}
  m_RootOrder: 3
  m_LocalEulerAnglesHint: {x: 0, y: 0, z: 0}
--- !u!1 &3854002070939564094
GameObject:
  m_ObjectHideFlags: 0
  m_CorrespondingSourceObject: {fileID: 0}
  m_PrefabInstance: {fileID: 0}
  m_PrefabAsset: {fileID: 0}
  serializedVersion: 6
  m_Component:
  - component: {fileID: 8970001376839732550}
  m_Layer: 12
  m_Name: DEF-upper_arm.L
  m_TagString: Untagged
  m_Icon: {fileID: 0}
  m_NavMeshLayer: 0
  m_StaticEditorFlags: 0
  m_IsActive: 1
--- !u!4 &8970001376839732550
Transform:
  m_ObjectHideFlags: 0
  m_CorrespondingSourceObject: {fileID: 0}
  m_PrefabInstance: {fileID: 0}
  m_PrefabAsset: {fileID: 0}
  m_GameObject: {fileID: 3854002070939564094}
  m_LocalRotation: {x: 0.2569577, y: -0.6529465, z: 0.6892982, w: -0.18028216}
  m_LocalPosition: {x: -0.000022548782, y: 0.0011877707, z: -0.00033522482}
  m_LocalScale: {x: 0.9764631, y: 1.04879, z: 0.97646296}
  m_Children:
  - {fileID: 7022507216716760248}
  m_Father: {fileID: 103032692682354038}
  m_RootOrder: 0
  m_LocalEulerAnglesHint: {x: 0, y: 0, z: 0}
--- !u!1 &3951491416729547780
GameObject:
  m_ObjectHideFlags: 0
  m_CorrespondingSourceObject: {fileID: 0}
  m_PrefabInstance: {fileID: 0}
  m_PrefabAsset: {fileID: 0}
  serializedVersion: 6
  m_Component:
  - component: {fileID: 6861792471832992932}
  m_Layer: 12
  m_Name: DEF-thumb.01.L
  m_TagString: Untagged
  m_Icon: {fileID: 0}
  m_NavMeshLayer: 0
  m_StaticEditorFlags: 0
  m_IsActive: 1
--- !u!4 &6861792471832992932
Transform:
  m_ObjectHideFlags: 0
  m_CorrespondingSourceObject: {fileID: 0}
  m_PrefabInstance: {fileID: 0}
  m_PrefabAsset: {fileID: 0}
  m_GameObject: {fileID: 3951491416729547780}
  m_LocalRotation: {x: -0.046409592, y: -0.5411083, z: -0.3063412, w: 0.7817947}
  m_LocalPosition: {x: 0.0002568845, y: 0.00020299976, z: 0.000011920114}
  m_LocalScale: {x: 1.0000001, y: 0.9999999, z: 1}
  m_Children:
  - {fileID: 7267184149330971401}
  m_Father: {fileID: 1814738978270520321}
  m_RootOrder: 4
  m_LocalEulerAnglesHint: {x: 0, y: 0, z: 0}
--- !u!1 &4250895001726874402
GameObject:
  m_ObjectHideFlags: 0
  m_CorrespondingSourceObject: {fileID: 0}
  m_PrefabInstance: {fileID: 0}
  m_PrefabAsset: {fileID: 0}
  serializedVersion: 6
  m_Component:
  - component: {fileID: 7759502127399046024}
  m_Layer: 12
  m_Name: DEF-f_middle.02.L
  m_TagString: Untagged
  m_Icon: {fileID: 0}
  m_NavMeshLayer: 0
  m_StaticEditorFlags: 0
  m_IsActive: 1
--- !u!4 &7759502127399046024
Transform:
  m_ObjectHideFlags: 0
  m_CorrespondingSourceObject: {fileID: 0}
  m_PrefabInstance: {fileID: 0}
  m_PrefabAsset: {fileID: 0}
  m_GameObject: {fileID: 4250895001726874402}
  m_LocalRotation: {x: 0.10218998, y: -0.0007530277, z: 0.0073015625, w: 0.9947378}
  m_LocalPosition: {x: 2.7939677e-11, y: 0.00031400326, z: -1.0244548e-10}
  m_LocalScale: {x: 0.9999992, y: 1.0000015, z: 0.999999}
  m_Children:
  - {fileID: 1030441096311855031}
  m_Father: {fileID: 5424390161703405004}
  m_RootOrder: 0
  m_LocalEulerAnglesHint: {x: 0, y: 0, z: 0}
--- !u!1 &4305423207029684363
GameObject:
  m_ObjectHideFlags: 0
  m_CorrespondingSourceObject: {fileID: 0}
  m_PrefabInstance: {fileID: 0}
  m_PrefabAsset: {fileID: 0}
  serializedVersion: 6
  m_Component:
  - component: {fileID: 8913215560134455842}
  m_Layer: 12
  m_Name: DEF-f_pinky.02.R
  m_TagString: Untagged
  m_Icon: {fileID: 0}
  m_NavMeshLayer: 0
  m_StaticEditorFlags: 0
  m_IsActive: 1
--- !u!4 &8913215560134455842
Transform:
  m_ObjectHideFlags: 0
  m_CorrespondingSourceObject: {fileID: 0}
  m_PrefabInstance: {fileID: 0}
  m_PrefabAsset: {fileID: 0}
  m_GameObject: {fileID: 4305423207029684363}
  m_LocalRotation: {x: 0.08107329, y: 0.00023104427, z: -0.0028298479, w: 0.9967041}
  m_LocalPosition: {x: -9.3132255e-12, y: 0.00024866592, z: -9.778887e-11}
  m_LocalScale: {x: 0.9999989, y: 1.0000015, z: 0.999999}
  m_Children:
  - {fileID: 3440038276068514856}
  m_Father: {fileID: 7083690149349440591}
  m_RootOrder: 0
  m_LocalEulerAnglesHint: {x: 0, y: 0, z: 0}
--- !u!1 &4484033936901272785
GameObject:
  m_ObjectHideFlags: 0
  m_CorrespondingSourceObject: {fileID: 0}
  m_PrefabInstance: {fileID: 0}
  m_PrefabAsset: {fileID: 0}
  serializedVersion: 6
  m_Component:
  - component: {fileID: 1907063785020976948}
  m_Layer: 12
  m_Name: DEF-thigh.R
  m_TagString: Untagged
  m_Icon: {fileID: 0}
  m_NavMeshLayer: 0
  m_StaticEditorFlags: 0
  m_IsActive: 1
--- !u!4 &1907063785020976948
Transform:
  m_ObjectHideFlags: 0
  m_CorrespondingSourceObject: {fileID: 0}
  m_PrefabInstance: {fileID: 0}
  m_PrefabAsset: {fileID: 0}
  m_GameObject: {fileID: 4484033936901272785}
  m_LocalRotation: {x: 0.9925871, y: -0.00995794, z: 0.03875995, w: 0.11475769}
  m_LocalPosition: {x: 0.0009844768, y: -0.00008373581, z: 0.00069628813}
  m_LocalScale: {x: 0.9983214, y: 1.0033655, z: 0.9983214}
  m_Children:
  - {fileID: 3512999136964233643}
  m_Father: {fileID: 640760376339733468}
  m_RootOrder: 2
  m_LocalEulerAnglesHint: {x: 0, y: 0, z: 0}
--- !u!1 &4545979780700683232
GameObject:
  m_ObjectHideFlags: 0
  m_CorrespondingSourceObject: {fileID: 0}
  m_PrefabInstance: {fileID: 0}
  m_PrefabAsset: {fileID: 0}
  serializedVersion: 6
  m_Component:
  - component: {fileID: 8795340893583698798}
  m_Layer: 12
  m_Name: DEF-f_middle.03.R
  m_TagString: Untagged
  m_Icon: {fileID: 0}
  m_NavMeshLayer: 0
  m_StaticEditorFlags: 0
  m_IsActive: 1
--- !u!4 &8795340893583698798
Transform:
  m_ObjectHideFlags: 0
  m_CorrespondingSourceObject: {fileID: 0}
  m_PrefabInstance: {fileID: 0}
  m_PrefabAsset: {fileID: 0}
  m_GameObject: {fileID: 4545979780700683232}
  m_LocalRotation: {x: 0.060043454, y: -0.00048940955, z: 0.02281266, w: 0.99793494}
  m_LocalPosition: {x: 4.6566126e-11, y: 0.0002617035, z: 1.3969838e-11}
  m_LocalScale: {x: 1.0000012, y: 0.99999744, z: 1.0000011}
  m_Children: []
  m_Father: {fileID: 6007344980690705344}
  m_RootOrder: 0
  m_LocalEulerAnglesHint: {x: 0, y: 0, z: 0}
--- !u!1 &4593064733550453196
GameObject:
  m_ObjectHideFlags: 0
  m_CorrespondingSourceObject: {fileID: 0}
  m_PrefabInstance: {fileID: 0}
  m_PrefabAsset: {fileID: 0}
  serializedVersion: 6
  m_Component:
  - component: {fileID: 945520750065393354}
  m_Layer: 12
  m_Name: DEF-f_ring.02.R
  m_TagString: Untagged
  m_Icon: {fileID: 0}
  m_NavMeshLayer: 0
  m_StaticEditorFlags: 0
  m_IsActive: 1
--- !u!4 &945520750065393354
Transform:
  m_ObjectHideFlags: 0
  m_CorrespondingSourceObject: {fileID: 0}
  m_PrefabInstance: {fileID: 0}
  m_PrefabAsset: {fileID: 0}
  m_GameObject: {fileID: 4593064733550453196}
  m_LocalRotation: {x: 0.095865645, y: 0.0003599508, z: -0.0037657127, w: 0.99538714}
  m_LocalPosition: {x: 1.8626451e-11, y: 0.00033602756, z: -3.7252902e-11}
  m_LocalScale: {x: 0.999999, y: 1.0000019, z: 0.999999}
  m_Children:
  - {fileID: 1789900836277929354}
  m_Father: {fileID: 4558933746038561248}
  m_RootOrder: 0
  m_LocalEulerAnglesHint: {x: 0, y: 0, z: 0}
--- !u!1 &4914106736507146313
GameObject:
  m_ObjectHideFlags: 0
  m_CorrespondingSourceObject: {fileID: 0}
  m_PrefabInstance: {fileID: 0}
  m_PrefabAsset: {fileID: 0}
  serializedVersion: 6
  m_Component:
  - component: {fileID: 7022507216716760248}
  m_Layer: 12
  m_Name: DEF-forearm.L
  m_TagString: Untagged
  m_Icon: {fileID: 0}
  m_NavMeshLayer: 0
  m_StaticEditorFlags: 0
  m_IsActive: 1
--- !u!4 &7022507216716760248
Transform:
  m_ObjectHideFlags: 0
  m_CorrespondingSourceObject: {fileID: 0}
  m_PrefabInstance: {fileID: 0}
  m_PrefabAsset: {fileID: 0}
  m_GameObject: {fileID: 4914106736507146313}
  m_LocalRotation: {x: 0.00057707785, y: -0.00000005479187, z: -0.000000041519186,
    w: 0.9999998}
  m_LocalPosition: {x: -1.8626451e-11, y: 0.002265938, z: -1.7695129e-10}
  m_LocalScale: {x: 1.0028503, y: 0.9943239, z: 1.0028502}
  m_Children:
  - {fileID: 1814738978270520321}
  m_Father: {fileID: 8970001376839732550}
  m_RootOrder: 0
  m_LocalEulerAnglesHint: {x: 0, y: 0, z: 0}
--- !u!1 &5766318273026208448
GameObject:
  m_ObjectHideFlags: 0
  m_CorrespondingSourceObject: {fileID: 0}
  m_PrefabInstance: {fileID: 0}
  m_PrefabAsset: {fileID: 0}
  serializedVersion: 6
  m_Component:
  - component: {fileID: 3440038276068514856}
  m_Layer: 12
  m_Name: DEF-f_pinky.03.R
  m_TagString: Untagged
  m_Icon: {fileID: 0}
  m_NavMeshLayer: 0
  m_StaticEditorFlags: 0
  m_IsActive: 1
--- !u!4 &3440038276068514856
Transform:
  m_ObjectHideFlags: 0
  m_CorrespondingSourceObject: {fileID: 0}
  m_PrefabInstance: {fileID: 0}
  m_PrefabAsset: {fileID: 0}
  m_GameObject: {fileID: 5766318273026208448}
  m_LocalRotation: {x: 0.016542712, y: -0.000020935719, z: 0.0068893973, w: 0.9998395}
  m_LocalPosition: {x: -1.11758706e-10, y: 0.00020183942, z: 3.8417056e-10}
  m_LocalScale: {x: 1.0000014, y: 0.9999971, z: 1.0000012}
  m_Children: []
  m_Father: {fileID: 8913215560134455842}
  m_RootOrder: 0
  m_LocalEulerAnglesHint: {x: 0, y: 0, z: 0}
--- !u!1 &5840300979675008026
GameObject:
  m_ObjectHideFlags: 0
  m_CorrespondingSourceObject: {fileID: 0}
  m_PrefabInstance: {fileID: 0}
  m_PrefabAsset: {fileID: 0}
  serializedVersion: 6
  m_Component:
  - component: {fileID: 7083690149349440591}
  m_Layer: 12
  m_Name: DEF-f_pinky.01.R
  m_TagString: Untagged
  m_Icon: {fileID: 0}
  m_NavMeshLayer: 0
  m_StaticEditorFlags: 0
  m_IsActive: 1
--- !u!4 &7083690149349440591
Transform:
  m_ObjectHideFlags: 0
  m_CorrespondingSourceObject: {fileID: 0}
  m_PrefabInstance: {fileID: 0}
  m_PrefabAsset: {fileID: 0}
  m_GameObject: {fileID: 5840300979675008026}
  m_LocalRotation: {x: 0.22220208, y: 0.22641721, z: -0.034366272, w: 0.94772387}
  m_LocalPosition: {x: 0.00026642336, y: 0.000651466, z: -0.00003563284}
  m_LocalScale: {x: 0.9999985, y: 1.0000027, z: 0.9999986}
  m_Children:
  - {fileID: 8913215560134455842}
  m_Father: {fileID: 8757798289930676443}
  m_RootOrder: 2
  m_LocalEulerAnglesHint: {x: 0, y: 0, z: 0}
--- !u!1 &5887238998931001774
GameObject:
  m_ObjectHideFlags: 0
  m_CorrespondingSourceObject: {fileID: 0}
  m_PrefabInstance: {fileID: 0}
  m_PrefabAsset: {fileID: 0}
  serializedVersion: 6
  m_Component:
  - component: {fileID: 9070417090199721700}
  m_Layer: 12
  m_Name: DEF-toe.R
  m_TagString: Untagged
  m_Icon: {fileID: 0}
  m_NavMeshLayer: 0
  m_StaticEditorFlags: 0
  m_IsActive: 1
--- !u!4 &9070417090199721700
Transform:
  m_ObjectHideFlags: 0
  m_CorrespondingSourceObject: {fileID: 0}
  m_PrefabInstance: {fileID: 0}
  m_PrefabAsset: {fileID: 0}
  m_GameObject: {fileID: 5887238998931001774}
  m_LocalRotation: {x: 0.0092659015, y: 0.9989317, z: -0.045271896, w: 0.00023817061}
  m_LocalPosition: {x: 2.4197106e-11, y: 0.0013528344, z: 2.5320333e-11}
  m_LocalScale: {x: 1.0000005, y: 1.0000005, z: 1.0000035}
  m_Children: []
  m_Father: {fileID: 2277626663892840879}
  m_RootOrder: 0
  m_LocalEulerAnglesHint: {x: 0, y: 0, z: 0}
--- !u!1 &6301250906427641677
GameObject:
  m_ObjectHideFlags: 0
  m_CorrespondingSourceObject: {fileID: 0}
  m_PrefabInstance: {fileID: 0}
  m_PrefabAsset: {fileID: 0}
  serializedVersion: 6
  m_Component:
  - component: {fileID: 2437352579555609231}
  m_Layer: 12
  m_Name: DEF-f_ring.03.L
  m_TagString: Untagged
  m_Icon: {fileID: 0}
  m_NavMeshLayer: 0
  m_StaticEditorFlags: 0
  m_IsActive: 1
--- !u!4 &2437352579555609231
Transform:
  m_ObjectHideFlags: 0
  m_CorrespondingSourceObject: {fileID: 0}
  m_PrefabInstance: {fileID: 0}
  m_PrefabAsset: {fileID: 0}
  m_GameObject: {fileID: 6301250906427641677}
  m_LocalRotation: {x: 0.10890364, y: 0.0003161146, z: -0.010383806, w: 0.99399805}
  m_LocalPosition: {x: -1.8626451e-11, y: 0.00024499418, z: 2.6542693e-10}
  m_LocalScale: {x: 0.99999917, y: 1.0000017, z: 0.99999905}
  m_Children: []
  m_Father: {fileID: 2470683688890056158}
  m_RootOrder: 0
  m_LocalEulerAnglesHint: {x: 0, y: 0, z: 0}
--- !u!1 &6322236606430660192
GameObject:
  m_ObjectHideFlags: 0
  m_CorrespondingSourceObject: {fileID: 0}
  m_PrefabInstance: {fileID: 0}
  m_PrefabAsset: {fileID: 0}
  serializedVersion: 6
  m_Component:
  - component: {fileID: 1789900836277929354}
  m_Layer: 12
  m_Name: DEF-f_ring.03.R
  m_TagString: Untagged
  m_Icon: {fileID: 0}
  m_NavMeshLayer: 0
  m_StaticEditorFlags: 0
  m_IsActive: 1
--- !u!4 &1789900836277929354
Transform:
  m_ObjectHideFlags: 0
  m_CorrespondingSourceObject: {fileID: 0}
  m_PrefabInstance: {fileID: 0}
  m_PrefabAsset: {fileID: 0}
  m_GameObject: {fileID: 6322236606430660192}
  m_LocalRotation: {x: 0.10890328, y: -0.00031603244, z: 0.010383932, w: 0.9939981}
  m_LocalPosition: {x: 9.313225e-11, y: 0.00024499343, z: -5.5879353e-11}
  m_LocalScale: {x: 1.0000007, y: 0.99999875, z: 1.0000005}
  m_Children: []
  m_Father: {fileID: 945520750065393354}
  m_RootOrder: 0
  m_LocalEulerAnglesHint: {x: 0, y: 0, z: 0}
--- !u!1 &6551318884409491382
GameObject:
  m_ObjectHideFlags: 0
  m_CorrespondingSourceObject: {fileID: 0}
  m_PrefabInstance: {fileID: 0}
  m_PrefabAsset: {fileID: 0}
  serializedVersion: 6
  m_Component:
  - component: {fileID: 6027890113424438463}
  m_Layer: 12
  m_Name: DEF-jaw
  m_TagString: Untagged
  m_Icon: {fileID: 0}
  m_NavMeshLayer: 0
  m_StaticEditorFlags: 0
  m_IsActive: 1
--- !u!4 &6027890113424438463
Transform:
  m_ObjectHideFlags: 0
  m_CorrespondingSourceObject: {fileID: 0}
  m_PrefabInstance: {fileID: 0}
  m_PrefabAsset: {fileID: 0}
  m_GameObject: {fileID: 6551318884409491382}
  m_LocalRotation: {x: 0.8726841, y: -0, z: 0, w: 0.4882852}
  m_LocalPosition: {x: -0, y: 6.1860716e-12, z: 1.8626451e-11}
  m_LocalScale: {x: 1, y: 0.99999994, z: 0.9999998}
  m_Children: []
  m_Father: {fileID: 1635788755474472171}
  m_RootOrder: 0
  m_LocalEulerAnglesHint: {x: 0, y: 0, z: 0}
--- !u!1 &6596490229331947153
GameObject:
  m_ObjectHideFlags: 0
  m_CorrespondingSourceObject: {fileID: 0}
  m_PrefabInstance: {fileID: 0}
  m_PrefabAsset: {fileID: 0}
  serializedVersion: 6
  m_Component:
  - component: {fileID: 2688632677061051752}
  - component: {fileID: 4555222035974412767}
  - component: {fileID: 4995931845022482508}
  m_Layer: 12
  m_Name: HpGaugeBg
  m_TagString: Untagged
  m_Icon: {fileID: 0}
  m_NavMeshLayer: 0
  m_StaticEditorFlags: 0
  m_IsActive: 1
--- !u!224 &2688632677061051752
RectTransform:
  m_ObjectHideFlags: 0
  m_CorrespondingSourceObject: {fileID: 0}
  m_PrefabInstance: {fileID: 0}
  m_PrefabAsset: {fileID: 0}
  m_GameObject: {fileID: 6596490229331947153}
  m_LocalRotation: {x: 0, y: 1, z: 0, w: 0}
  m_LocalPosition: {x: 0, y: 0, z: 0}
  m_LocalScale: {x: 1, y: 1, z: 1}
  m_Children: []
  m_Father: {fileID: 117409194}
  m_RootOrder: 1
  m_LocalEulerAnglesHint: {x: 0, y: 180, z: 0}
  m_AnchorMin: {x: 0.5, y: 0.5}
  m_AnchorMax: {x: 0.5, y: 0.5}
  m_AnchoredPosition: {x: 0, y: -0.48}
  m_SizeDelta: {x: 1, y: 0.1}
  m_Pivot: {x: 0.5, y: 0.5}
--- !u!222 &4555222035974412767
CanvasRenderer:
  m_ObjectHideFlags: 0
  m_CorrespondingSourceObject: {fileID: 0}
  m_PrefabInstance: {fileID: 0}
  m_PrefabAsset: {fileID: 0}
  m_GameObject: {fileID: 6596490229331947153}
  m_CullTransparentMesh: 0
--- !u!114 &4995931845022482508
MonoBehaviour:
  m_ObjectHideFlags: 0
  m_CorrespondingSourceObject: {fileID: 0}
  m_PrefabInstance: {fileID: 0}
  m_PrefabAsset: {fileID: 0}
  m_GameObject: {fileID: 6596490229331947153}
  m_Enabled: 1
  m_EditorHideFlags: 0
  m_Script: {fileID: 11500000, guid: fe87c0e1cc204ed48ad3b37840f39efc, type: 3}
  m_Name: 
  m_EditorClassIdentifier: 
  m_Material: {fileID: 0}
  m_Color: {r: 0.745283, g: 0.745283, b: 0.745283, a: 1}
  m_RaycastTarget: 1
  m_Maskable: 1
  m_OnCullStateChanged:
    m_PersistentCalls:
      m_Calls: []
  m_Sprite: {fileID: 21300000, guid: c078acc48c496c04a9d05158baabc0e4, type: 3}
  m_Type: 3
  m_PreserveAspect: 0
  m_FillCenter: 1
  m_FillMethod: 0
  m_FillAmount: 1
  m_FillClockwise: 1
  m_FillOrigin: 1
  m_UseSpriteMesh: 0
  m_PixelsPerUnitMultiplier: 1
--- !u!1 &6626603126115585205
GameObject:
  m_ObjectHideFlags: 0
  m_CorrespondingSourceObject: {fileID: 0}
  m_PrefabInstance: {fileID: 0}
  m_PrefabAsset: {fileID: 0}
  serializedVersion: 6
  m_Component:
  - component: {fileID: 8757798289930676443}
  m_Layer: 12
  m_Name: DEF-hand.R
  m_TagString: Untagged
  m_Icon: {fileID: 0}
  m_NavMeshLayer: 0
  m_StaticEditorFlags: 0
  m_IsActive: 1
--- !u!4 &8757798289930676443
Transform:
  m_ObjectHideFlags: 0
  m_CorrespondingSourceObject: {fileID: 0}
  m_PrefabInstance: {fileID: 0}
  m_PrefabAsset: {fileID: 0}
  m_GameObject: {fileID: 6626603126115585205}
  m_LocalRotation: {x: -0.023488678, y: -0.090220794, z: -0.075415075, w: 0.99278456}
  m_LocalPosition: {x: -1.11758706e-10, y: 0.002582367, z: 0}
  m_LocalScale: {x: 1.0199251, y: 0.96051127, z: 1.0209694}
  m_Children:
  - {fileID: 5375555840811591725}
  - {fileID: 5719372336720737111}
  - {fileID: 7083690149349440591}
  - {fileID: 4558933746038561248}
  - {fileID: 2431310317250587004}
  m_Father: {fileID: 8535031242495236065}
  m_RootOrder: 0
  m_LocalEulerAnglesHint: {x: 0, y: 0, z: 0}
--- !u!1 &6900465717468459851
GameObject:
  m_ObjectHideFlags: 0
  m_CorrespondingSourceObject: {fileID: 0}
  m_PrefabInstance: {fileID: 0}
  m_PrefabAsset: {fileID: 0}
  serializedVersion: 6
  m_Component:
  - component: {fileID: 1106369400459348071}
  m_Layer: 12
  m_Name: DEF-f_ring.01.L
  m_TagString: Untagged
  m_Icon: {fileID: 0}
  m_NavMeshLayer: 0
  m_StaticEditorFlags: 0
  m_IsActive: 1
--- !u!4 &1106369400459348071
Transform:
  m_ObjectHideFlags: 0
  m_CorrespondingSourceObject: {fileID: 0}
  m_PrefabInstance: {fileID: 0}
  m_PrefabAsset: {fileID: 0}
  m_GameObject: {fileID: 6900465717468459851}
  m_LocalRotation: {x: 0.23426712, y: 0.02542367, z: 0.029697604, w: 0.9713859}
  m_LocalPosition: {x: -0.00011755907, y: 0.000730177, z: -0.000004705377}
  m_LocalScale: {x: 0.9999991, y: 1.0000019, z: 0.9999991}
  m_Children:
  - {fileID: 2470683688890056158}
  m_Father: {fileID: 1814738978270520321}
  m_RootOrder: 3
  m_LocalEulerAnglesHint: {x: 0, y: 0, z: 0}
--- !u!1 &6964464247345619145
GameObject:
  m_ObjectHideFlags: 0
  m_CorrespondingSourceObject: {fileID: 0}
  m_PrefabInstance: {fileID: 0}
  m_PrefabAsset: {fileID: 0}
  serializedVersion: 6
  m_Component:
  - component: {fileID: 2617657695028494253}
  m_Layer: 12
  m_Name: root
  m_TagString: Untagged
  m_Icon: {fileID: 0}
  m_NavMeshLayer: 0
  m_StaticEditorFlags: 0
  m_IsActive: 1
--- !u!4 &2617657695028494253
Transform:
  m_ObjectHideFlags: 0
  m_CorrespondingSourceObject: {fileID: 0}
  m_PrefabInstance: {fileID: 0}
  m_PrefabAsset: {fileID: 0}
  m_GameObject: {fileID: 6964464247345619145}
  m_LocalRotation: {x: 0, y: -0, z: -0, w: 1}
  m_LocalPosition: {x: -0, y: 0, z: 0}
  m_LocalScale: {x: 1, y: 1, z: 1}
  m_Children:
  - {fileID: 640760376339733468}
  m_Father: {fileID: 6342276956151964319}
  m_RootOrder: 0
  m_LocalEulerAnglesHint: {x: 0, y: 0, z: 0}
--- !u!1 &6984823551213086141
GameObject:
  m_ObjectHideFlags: 0
  m_CorrespondingSourceObject: {fileID: 0}
  m_PrefabInstance: {fileID: 0}
  m_PrefabAsset: {fileID: 0}
  serializedVersion: 6
  m_Component:
  - component: {fileID: 1030441096311855031}
  m_Layer: 12
  m_Name: DEF-f_middle.03.L
  m_TagString: Untagged
  m_Icon: {fileID: 0}
  m_NavMeshLayer: 0
  m_StaticEditorFlags: 0
  m_IsActive: 1
--- !u!4 &1030441096311855031
Transform:
  m_ObjectHideFlags: 0
  m_CorrespondingSourceObject: {fileID: 0}
  m_PrefabInstance: {fileID: 0}
  m_PrefabAsset: {fileID: 0}
  m_GameObject: {fileID: 6984823551213086141}
  m_LocalRotation: {x: 0.060042586, y: 0.0004893875, z: -0.022812882, w: 0.997935}
  m_LocalPosition: {x: -9.3132255e-12, y: 0.00026170295, z: -2.188608e-10}
  m_LocalScale: {x: 1.0000002, y: 0.9999989, z: 1.0000005}
  m_Children: []
  m_Father: {fileID: 7759502127399046024}
  m_RootOrder: 0
  m_LocalEulerAnglesHint: {x: 0, y: 0, z: 0}
--- !u!1 &7051264232584801804
GameObject:
  m_ObjectHideFlags: 0
  m_CorrespondingSourceObject: {fileID: 0}
  m_PrefabInstance: {fileID: 0}
  m_PrefabAsset: {fileID: 0}
  serializedVersion: 6
  m_Component:
  - component: {fileID: 6624117480481921124}
  m_Layer: 12
  m_Name: DEF-thigh.L
  m_TagString: Untagged
  m_Icon: {fileID: 0}
  m_NavMeshLayer: 0
  m_StaticEditorFlags: 0
  m_IsActive: 1
--- !u!4 &6624117480481921124
Transform:
  m_ObjectHideFlags: 0
  m_CorrespondingSourceObject: {fileID: 0}
  m_PrefabInstance: {fileID: 0}
  m_PrefabAsset: {fileID: 0}
  m_GameObject: {fileID: 7051264232584801804}
  m_LocalRotation: {x: 0.99122196, y: 0.010397172, z: -0.038644843, w: 0.12600602}
  m_LocalPosition: {x: -0.0009844763, y: -0.000083735686, z: 0.0006962884}
  m_LocalScale: {x: 0.99766815, y: 1.0046802, z: 0.9976682}
  m_Children:
  - {fileID: 7899476715249415657}
  m_Father: {fileID: 640760376339733468}
  m_RootOrder: 1
  m_LocalEulerAnglesHint: {x: 0, y: 0, z: 0}
--- !u!1 &7120087438402404008
GameObject:
  m_ObjectHideFlags: 0
  m_CorrespondingSourceObject: {fileID: 0}
  m_PrefabInstance: {fileID: 0}
  m_PrefabAsset: {fileID: 0}
  serializedVersion: 6
  m_Component:
  - component: {fileID: 7494443551204522347}
  m_Layer: 12
  m_Name: DEF-f_pinky.01.L
  m_TagString: Untagged
  m_Icon: {fileID: 0}
  m_NavMeshLayer: 0
  m_StaticEditorFlags: 0
  m_IsActive: 1
--- !u!4 &7494443551204522347
Transform:
  m_ObjectHideFlags: 0
  m_CorrespondingSourceObject: {fileID: 0}
  m_PrefabInstance: {fileID: 0}
  m_PrefabAsset: {fileID: 0}
  m_GameObject: {fileID: 7120087438402404008}
  m_LocalRotation: {x: 0.22220178, y: -0.22641727, z: 0.034366023, w: 0.9477239}
  m_LocalPosition: {x: -0.00026642342, y: 0.00065146666, z: -0.00003563282}
  m_LocalScale: {x: 1, y: 1.0000001, z: 0.99999994}
  m_Children:
  - {fileID: 6213532207940631827}
  m_Father: {fileID: 1814738978270520321}
  m_RootOrder: 2
  m_LocalEulerAnglesHint: {x: 0, y: 0, z: 0}
--- !u!1 &7200791577559621567
GameObject:
  m_ObjectHideFlags: 0
  m_CorrespondingSourceObject: {fileID: 0}
  m_PrefabInstance: {fileID: 0}
  m_PrefabAsset: {fileID: 0}
  serializedVersion: 6
  m_Component:
  - component: {fileID: 7267184149330971401}
  m_Layer: 12
  m_Name: DEF-thumb.02.L
  m_TagString: Untagged
  m_Icon: {fileID: 0}
  m_NavMeshLayer: 0
  m_StaticEditorFlags: 0
  m_IsActive: 1
--- !u!4 &7267184149330971401
Transform:
  m_ObjectHideFlags: 0
  m_CorrespondingSourceObject: {fileID: 0}
  m_PrefabInstance: {fileID: 0}
  m_PrefabAsset: {fileID: 0}
  m_GameObject: {fileID: 7200791577559621567}
  m_LocalRotation: {x: 0.21837054, y: 0.0019572321, z: -0.0087374495, w: 0.9758249}
  m_LocalPosition: {x: -1.11758706e-10, y: 0.00027323482, z: -2.9802322e-10}
  m_LocalScale: {x: 0.9999999, y: 0.99999964, z: 1.0000001}
  m_Children:
  - {fileID: 8042277562853347060}
  m_Father: {fileID: 6861792471832992932}
  m_RootOrder: 0
  m_LocalEulerAnglesHint: {x: 0, y: 0, z: 0}
--- !u!1 &7367797409532050242
GameObject:
  m_ObjectHideFlags: 0
  m_CorrespondingSourceObject: {fileID: 0}
  m_PrefabInstance: {fileID: 0}
  m_PrefabAsset: {fileID: 0}
  serializedVersion: 6
  m_Component:
  - component: {fileID: 7899476715249415657}
  m_Layer: 12
  m_Name: DEF-shin.L
  m_TagString: Untagged
  m_Icon: {fileID: 0}
  m_NavMeshLayer: 0
  m_StaticEditorFlags: 0
  m_IsActive: 1
--- !u!4 &7899476715249415657
Transform:
  m_ObjectHideFlags: 0
  m_CorrespondingSourceObject: {fileID: 0}
  m_PrefabInstance: {fileID: 0}
  m_PrefabAsset: {fileID: 0}
  m_GameObject: {fileID: 7367797409532050242}
  m_LocalRotation: {x: 0.07705296, y: 0.00000007762608, z: 0.00000001856413, w: 0.99702704}
  m_LocalPosition: {x: 9.3132255e-12, y: 0.003497044, z: -4.6566128e-12}
  m_LocalScale: {x: 0.9999787, y: 1.0002086, z: 0.9998145}
  m_Children:
  - {fileID: 8662669361525687847}
  m_Father: {fileID: 6624117480481921124}
  m_RootOrder: 0
  m_LocalEulerAnglesHint: {x: 0, y: 0, z: 0}
--- !u!1 &7519034538971791954
GameObject:
  m_ObjectHideFlags: 0
  m_CorrespondingSourceObject: {fileID: 0}
  m_PrefabInstance: {fileID: 0}
  m_PrefabAsset: {fileID: 0}
  serializedVersion: 6
  m_Component:
  - component: {fileID: 2277626663892840879}
  m_Layer: 12
  m_Name: DEF-foot.R
  m_TagString: Untagged
  m_Icon: {fileID: 0}
  m_NavMeshLayer: 0
  m_StaticEditorFlags: 0
  m_IsActive: 1
--- !u!4 &2277626663892840879
Transform:
  m_ObjectHideFlags: 0
  m_CorrespondingSourceObject: {fileID: 0}
  m_PrefabInstance: {fileID: 0}
  m_PrefabAsset: {fileID: 0}
  m_GameObject: {fileID: 7519034538971791954}
  m_LocalRotation: {x: -0.63952357, y: -0.028339423, z: -0.035764415, w: 0.76741606}
  m_LocalPosition: {x: 2.6193447e-11, y: 0.004278282, z: 1.3969838e-11}
  m_LocalScale: {x: 1.0013705, y: 1.0012386, z: 0.9973973}
  m_Children:
  - {fileID: 9070417090199721700}
  m_Father: {fileID: 3512999136964233643}
  m_RootOrder: 0
  m_LocalEulerAnglesHint: {x: 0, y: 0, z: 0}
--- !u!1 &7740724321375247238
GameObject:
  m_ObjectHideFlags: 0
  m_CorrespondingSourceObject: {fileID: 0}
  m_PrefabInstance: {fileID: 0}
  m_PrefabAsset: {fileID: 0}
  serializedVersion: 6
  m_Component:
  - component: {fileID: 6162754902001901341}
  m_Layer: 12
  m_Name: DEF-spine.002
  m_TagString: Untagged
  m_Icon: {fileID: 0}
  m_NavMeshLayer: 0
  m_StaticEditorFlags: 0
  m_IsActive: 1
--- !u!4 &6162754902001901341
Transform:
  m_ObjectHideFlags: 0
  m_CorrespondingSourceObject: {fileID: 0}
  m_PrefabInstance: {fileID: 0}
  m_PrefabAsset: {fileID: 0}
  m_GameObject: {fileID: 7740724321375247238}
  m_LocalRotation: {x: -0.077464096, y: 0.000000014613188, z: 0.0000000011354092,
    w: 0.99699515}
  m_LocalPosition: {x: 9.020562e-19, y: 0.0011482456, z: -4.10364e-11}
  m_LocalScale: {x: 1, y: 0.9999999, z: 1}
  m_Children:
  - {fileID: 5897962287361110574}
  m_Father: {fileID: 4865445958806177169}
  m_RootOrder: 0
  m_LocalEulerAnglesHint: {x: 0, y: 0, z: 0}
--- !u!1 &7784928454375862224
GameObject:
  m_ObjectHideFlags: 0
  m_CorrespondingSourceObject: {fileID: 0}
  m_PrefabInstance: {fileID: 0}
  m_PrefabAsset: {fileID: 0}
  serializedVersion: 6
  m_Component:
  - component: {fileID: 6213532207940631827}
  m_Layer: 12
  m_Name: DEF-f_pinky.02.L
  m_TagString: Untagged
  m_Icon: {fileID: 0}
  m_NavMeshLayer: 0
  m_StaticEditorFlags: 0
  m_IsActive: 1
--- !u!4 &6213532207940631827
Transform:
  m_ObjectHideFlags: 0
  m_CorrespondingSourceObject: {fileID: 0}
  m_PrefabInstance: {fileID: 0}
  m_PrefabAsset: {fileID: 0}
  m_GameObject: {fileID: 7784928454375862224}
  m_LocalRotation: {x: 0.08107296, y: -0.00023102768, z: 0.0028313508, w: 0.99670416}
  m_LocalPosition: {x: 3.7252902e-11, y: 0.0002486663, z: -9.778887e-11}
  m_LocalScale: {x: 0.99999803, y: 1.0000037, z: 0.99999815}
  m_Children:
  - {fileID: 1931958884515475776}
  m_Father: {fileID: 7494443551204522347}
  m_RootOrder: 0
  m_LocalEulerAnglesHint: {x: 0, y: 0, z: 0}
--- !u!1 &7879955535060041446
GameObject:
  m_ObjectHideFlags: 0
  m_CorrespondingSourceObject: {fileID: 0}
  m_PrefabInstance: {fileID: 0}
  m_PrefabAsset: {fileID: 0}
  serializedVersion: 6
  m_Component:
  - component: {fileID: 5723007947653815822}
  m_Layer: 12
  m_Name: DEF-f_index.02.L
  m_TagString: Untagged
  m_Icon: {fileID: 0}
  m_NavMeshLayer: 0
  m_StaticEditorFlags: 0
  m_IsActive: 1
--- !u!4 &5723007947653815822
Transform:
  m_ObjectHideFlags: 0
  m_CorrespondingSourceObject: {fileID: 0}
  m_PrefabInstance: {fileID: 0}
  m_PrefabAsset: {fileID: 0}
  m_GameObject: {fileID: 7879955535060041446}
  m_LocalRotation: {x: 0.08831979, y: -0.0007692526, z: 0.008688866, w: 0.996054}
  m_LocalPosition: {x: -0, y: 0.00027356396, z: -5.5879353e-11}
  m_LocalScale: {x: 0.9999976, y: 1.0000051, z: 0.9999974}
  m_Children:
  - {fileID: 8044654254573083781}
  m_Father: {fileID: 9094483324035207506}
  m_RootOrder: 0
  m_LocalEulerAnglesHint: {x: 0, y: 0, z: 0}
--- !u!1 &8578940774693693118
GameObject:
  m_ObjectHideFlags: 0
  m_CorrespondingSourceObject: {fileID: 0}
  m_PrefabInstance: {fileID: 0}
  m_PrefabAsset: {fileID: 0}
  serializedVersion: 6
  m_Component:
  - component: {fileID: 670916890383346475}
  m_Layer: 12
  m_Name: DEF-spine.005
  m_TagString: Untagged
  m_Icon: {fileID: 0}
  m_NavMeshLayer: 0
  m_StaticEditorFlags: 0
  m_IsActive: 1
--- !u!4 &670916890383346475
Transform:
  m_ObjectHideFlags: 0
  m_CorrespondingSourceObject: {fileID: 0}
  m_PrefabInstance: {fileID: 0}
  m_PrefabAsset: {fileID: 0}
  m_GameObject: {fileID: 8578940774693693118}
  m_LocalRotation: {x: -0.094857484, y: 0, z: -0, w: 0.9954909}
  m_LocalPosition: {x: -0, y: 0.0005560131, z: -6.519258e-10}
  m_LocalScale: {x: 1, y: 0.9999999, z: 0.9999998}
  m_Children:
  - {fileID: 1635788755474472171}
  m_Father: {fileID: 6890045009852244}
  m_RootOrder: 0
  m_LocalEulerAnglesHint: {x: 0, y: 0, z: 0}
--- !u!1 &8647958304597938702
GameObject:
  m_ObjectHideFlags: 0
  m_CorrespondingSourceObject: {fileID: 0}
  m_PrefabInstance: {fileID: 0}
  m_PrefabAsset: {fileID: 0}
  serializedVersion: 6
  m_Component:
  - component: {fileID: 8535031242495236065}
  m_Layer: 12
  m_Name: DEF-forearm.R
  m_TagString: Untagged
  m_Icon: {fileID: 0}
  m_NavMeshLayer: 0
  m_StaticEditorFlags: 0
  m_IsActive: 1
--- !u!4 &8535031242495236065
Transform:
  m_ObjectHideFlags: 0
  m_CorrespondingSourceObject: {fileID: 0}
  m_PrefabInstance: {fileID: 0}
  m_PrefabAsset: {fileID: 0}
  m_GameObject: {fileID: 8647958304597938702}
  m_LocalRotation: {x: 0.0005773239, y: 0.000000033896658, z: 0.000000020764574, w: 0.9999998}
  m_LocalPosition: {x: 1.11758706e-10, y: 0.002265939, z: -2.537854e-10}
  m_LocalScale: {x: 1.0028505, y: 0.9943233, z: 1.0028504}
  m_Children:
  - {fileID: 8757798289930676443}
  m_Father: {fileID: 5241520037876282799}
  m_RootOrder: 0
  m_LocalEulerAnglesHint: {x: 0, y: 0, z: 0}
--- !u!1 &8659953114429124559
GameObject:
  m_ObjectHideFlags: 0
  m_CorrespondingSourceObject: {fileID: 0}
  m_PrefabInstance: {fileID: 0}
  m_PrefabAsset: {fileID: 0}
  serializedVersion: 6
  m_Component:
  - component: {fileID: 8340250051761914279}
  m_Layer: 12
  m_Name: DEF-thumb.02.R
  m_TagString: Untagged
  m_Icon: {fileID: 0}
  m_NavMeshLayer: 0
  m_StaticEditorFlags: 0
  m_IsActive: 1
--- !u!4 &8340250051761914279
Transform:
  m_ObjectHideFlags: 0
  m_CorrespondingSourceObject: {fileID: 0}
  m_PrefabInstance: {fileID: 0}
  m_PrefabAsset: {fileID: 0}
  m_GameObject: {fileID: 8659953114429124559}
  m_LocalRotation: {x: 0.21837059, y: -0.001957384, z: 0.008736867, w: 0.9758249}
  m_LocalPosition: {x: -3.7252902e-11, y: 0.00027323447, z: -1.4901161e-10}
  m_LocalScale: {x: 0.9999977, y: 1.0000038, z: 0.9999982}
  m_Children:
  - {fileID: 1356768111938825178}
  m_Father: {fileID: 2431310317250587004}
  m_RootOrder: 0
  m_LocalEulerAnglesHint: {x: 0, y: 0, z: 0}
--- !u!1 &9040091131618101857
GameObject:
  m_ObjectHideFlags: 0
  m_CorrespondingSourceObject: {fileID: 0}
  m_PrefabInstance: {fileID: 0}
  m_PrefabAsset: {fileID: 0}
  serializedVersion: 6
  m_Component:
  - component: {fileID: 5424390161703405004}
  m_Layer: 12
  m_Name: DEF-f_middle.01.L
  m_TagString: Untagged
  m_Icon: {fileID: 0}
  m_NavMeshLayer: 0
  m_StaticEditorFlags: 0
  m_IsActive: 1
--- !u!4 &5424390161703405004
Transform:
  m_ObjectHideFlags: 0
  m_CorrespondingSourceObject: {fileID: 0}
  m_PrefabInstance: {fileID: 0}
  m_PrefabAsset: {fileID: 0}
  m_GameObject: {fileID: 9040091131618101857}
  m_LocalRotation: {x: 0.2551497, y: 0.000007407941, z: -0.02434186, w: 0.9665952}
  m_LocalPosition: {x: 0.000042135845, y: 0.0007684266, z: 0.00004282997}
  m_LocalScale: {x: 1.0000008, y: 0.9999984, z: 1.0000008}
  m_Children:
  - {fileID: 7759502127399046024}
  m_Father: {fileID: 1814738978270520321}
  m_RootOrder: 1
  m_LocalEulerAnglesHint: {x: 0, y: 0, z: 0}
--- !u!1 &9195848677046687619
GameObject:
  m_ObjectHideFlags: 0
  m_CorrespondingSourceObject: {fileID: 0}
  m_PrefabInstance: {fileID: 0}
  m_PrefabAsset: {fileID: 0}
  serializedVersion: 6
  m_Component:
  - component: {fileID: 5315776424841045392}
  - component: {fileID: 2832603358452205802}
  - component: {fileID: 5402711222902763389}
  - component: {fileID: 9195848677046687621}
  - component: {fileID: 2444276179274587488}
  - component: {fileID: 9195848677046687620}
  - component: {fileID: 363750629}
  - component: {fileID: 7356210146909741229}
  - component: {fileID: 9195848677046687622}
  - component: {fileID: 9195848677046687623}
  m_Layer: 12
  m_Name: SimpleSkeleton
  m_TagString: Enemy
  m_Icon: {fileID: 0}
  m_NavMeshLayer: 0
  m_StaticEditorFlags: 0
  m_IsActive: 1
--- !u!4 &5315776424841045392
Transform:
  m_ObjectHideFlags: 0
  m_CorrespondingSourceObject: {fileID: 0}
  m_PrefabInstance: {fileID: 0}
  m_PrefabAsset: {fileID: 0}
  m_GameObject: {fileID: 9195848677046687619}
  m_LocalRotation: {x: 0, y: -1, z: 0, w: 0}
  m_LocalPosition: {x: 0, y: 0, z: 5}
  m_LocalScale: {x: 1, y: 1, z: 1}
  m_Children:
  - {fileID: 1084007038058220561}
  - {fileID: 6342276956151964319}
  - {fileID: 117409194}
  - {fileID: 1664123046}
  - {fileID: 3705361177578382976}
  m_Father: {fileID: 0}
  m_RootOrder: 0
  m_LocalEulerAnglesHint: {x: 0, y: -180, z: 0}
--- !u!95 &2832603358452205802
Animator:
  serializedVersion: 3
  m_ObjectHideFlags: 0
  m_CorrespondingSourceObject: {fileID: 0}
  m_PrefabInstance: {fileID: 0}
  m_PrefabAsset: {fileID: 0}
  m_GameObject: {fileID: 9195848677046687619}
  m_Enabled: 1
  m_Avatar: {fileID: 9000000, guid: 70b3f9a485a308847952fa8438bfd4b8, type: 3}
  m_Controller: {fileID: 9100000, guid: 550d059950f99454389d82046ff3d437, type: 2}
  m_CullingMode: 1
  m_UpdateMode: 0
  m_ApplyRootMotion: 1
  m_LinearVelocityBlending: 0
  m_WarningMessage: 
  m_HasTransformHierarchy: 1
  m_AllowConstantClipSamplingOptimization: 1
  m_KeepAnimatorControllerStateOnDisable: 0
--- !u!143 &5402711222902763389
CharacterController:
  m_ObjectHideFlags: 0
  m_CorrespondingSourceObject: {fileID: 0}
  m_PrefabInstance: {fileID: 0}
  m_PrefabAsset: {fileID: 0}
  m_GameObject: {fileID: 9195848677046687619}
  m_Material: {fileID: 0}
  m_IsTrigger: 0
  m_Enabled: 1
  serializedVersion: 2
  m_Height: 2
  m_Radius: 0.3
  m_SlopeLimit: 45
  m_StepOffset: 0.3
  m_SkinWidth: 0.08
  m_MinMoveDistance: 0.001
  m_Center: {x: 0, y: 1, z: 0}
--- !u!54 &9195848677046687621
Rigidbody:
  m_ObjectHideFlags: 0
  m_CorrespondingSourceObject: {fileID: 0}
  m_PrefabInstance: {fileID: 0}
  m_PrefabAsset: {fileID: 0}
  m_GameObject: {fileID: 9195848677046687619}
  serializedVersion: 2
  m_Mass: 1
  m_Drag: 0
  m_AngularDrag: 0.05
  m_UseGravity: 0
  m_IsKinematic: 1
  m_Interpolate: 0
  m_Constraints: 126
  m_CollisionDetection: 3
--- !u!114 &2444276179274587488
MonoBehaviour:
  m_ObjectHideFlags: 0
  m_CorrespondingSourceObject: {fileID: 0}
  m_PrefabInstance: {fileID: 0}
  m_PrefabAsset: {fileID: 0}
  m_GameObject: {fileID: 9195848677046687619}
  m_Enabled: 1
  m_EditorHideFlags: 0
  m_Script: {fileID: 11500000, guid: 55282b2c260c8454fba615decd121605, type: 3}
  m_Name: 
  m_EditorClassIdentifier: 
  target: {fileID: 0}
--- !u!114 &9195848677046687620
MonoBehaviour:
  m_ObjectHideFlags: 0
  m_CorrespondingSourceObject: {fileID: 0}
  m_PrefabInstance: {fileID: 0}
  m_PrefabAsset: {fileID: 0}
  m_GameObject: {fileID: 9195848677046687619}
  m_Enabled: 1
  m_EditorHideFlags: 0
  m_Script: {fileID: 11500000, guid: 07edb900e0bd9a24ca4caf0c9289a14c, type: 3}
  m_Name: 
  m_EditorClassIdentifier: 
  level: 20
  charaName: "\u30B9\u30B1\u30EB\u30C8\u30F3\uFF1D\u30ED\u30FC\u30C9"
  enemyCommand: {fileID: 0}
--- !u!114 &363750629
MonoBehaviour:
  m_ObjectHideFlags: 0
  m_CorrespondingSourceObject: {fileID: 0}
  m_PrefabInstance: {fileID: 0}
  m_PrefabAsset: {fileID: 0}
  m_GameObject: {fileID: 9195848677046687619}
  m_Enabled: 1
  m_EditorHideFlags: 0
  m_Script: {fileID: 11500000, guid: 3b2bdedb00804d542819d7fe7c2ab637, type: 3}
  m_Name: 
  m_EditorClassIdentifier: 
  attackCollider: {fileID: 318480444}
--- !u!114 &7356210146909741229
MonoBehaviour:
  m_ObjectHideFlags: 0
  m_CorrespondingSourceObject: {fileID: 0}
  m_PrefabInstance: {fileID: 0}
  m_PrefabAsset: {fileID: 0}
  m_GameObject: {fileID: 9195848677046687619}
  m_Enabled: 1
  m_EditorHideFlags: 0
  m_Script: {fileID: 11500000, guid: 5e539caeaf1cdaa48ad1a5cd625a6f83, type: 3}
  m_Name: 
  m_EditorClassIdentifier: 
  activeCommand: 0
--- !u!114 &9195848677046687622
MonoBehaviour:
  m_ObjectHideFlags: 0
  m_CorrespondingSourceObject: {fileID: 0}
  m_PrefabInstance: {fileID: 0}
  m_PrefabAsset: {fileID: 0}
  m_GameObject: {fileID: 9195848677046687619}
  m_Enabled: 1
  m_EditorHideFlags: 0
  m_Script: {fileID: 11500000, guid: 83fdcedc76350cb498a84af8d887b828, type: 3}
  m_Name: 
  m_EditorClassIdentifier: 
  swingSound:
  - {fileID: 8300000, guid: 29d917ed346b093478aa5bc1144d7fa9, type: 3}
  hitSound:
  - {fileID: 8300000, guid: 80151380c0f818243b66a78ef69c9fcd, type: 3}
  damageSound:
  - {fileID: 8300000, guid: 5ab45410d400f494a8392178d29bdc3d, type: 3}
  destroySound:
  - {fileID: 8300000, guid: 6d4a8c46038c6d64c91c1614c6f3addb, type: 3}
--- !u!82 &9195848677046687623
AudioSource:
  m_ObjectHideFlags: 0
  m_CorrespondingSourceObject: {fileID: 0}
  m_PrefabInstance: {fileID: 0}
  m_PrefabAsset: {fileID: 0}
  m_GameObject: {fileID: 9195848677046687619}
  m_Enabled: 1
  serializedVersion: 4
  OutputAudioMixerGroup: {fileID: -1902401556451658839, guid: 999879c0359c22047aa9be8afff9fb4c,
    type: 2}
  m_audioClip: {fileID: 0}
  m_PlayOnAwake: 0
  m_Volume: 0.2
  m_Pitch: 1
  Loop: 0
  Mute: 0
  Spatialize: 0
  SpatializePostEffects: 0
  Priority: 128
  DopplerLevel: 1
  MinDistance: 0.3113227
  MaxDistance: 500
  Pan2D: 0
  rolloffMode: 0
  BypassEffects: 0
  BypassListenerEffects: 0
  BypassReverbZones: 0
  rolloffCustomCurve:
    serializedVersion: 2
    m_Curve:
    - serializedVersion: 3
      time: 0
      value: 1
      inSlope: 0
      outSlope: 0
      tangentMode: 0
      weightedMode: 0
      inWeight: 0.33333334
      outWeight: 0.33333334
    - serializedVersion: 3
      time: 1
      value: 0
      inSlope: 0
      outSlope: 0
      tangentMode: 0
      weightedMode: 0
      inWeight: 0.33333334
      outWeight: 0.33333334
    m_PreInfinity: 2
    m_PostInfinity: 2
    m_RotationOrder: 4
  panLevelCustomCurve:
    serializedVersion: 2
    m_Curve:
    - serializedVersion: 3
      time: 0
      value: 0
      inSlope: 0
      outSlope: 0
      tangentMode: 0
      weightedMode: 0
      inWeight: 0.33333334
      outWeight: 0.33333334
    m_PreInfinity: 2
    m_PostInfinity: 2
    m_RotationOrder: 4
  spreadCustomCurve:
    serializedVersion: 2
    m_Curve:
    - serializedVersion: 3
      time: 0
      value: 0
      inSlope: 0
      outSlope: 0
      tangentMode: 0
      weightedMode: 0
      inWeight: 0.33333334
      outWeight: 0.33333334
    m_PreInfinity: 2
    m_PostInfinity: 2
    m_RotationOrder: 4
  reverbZoneMixCustomCurve:
    serializedVersion: 2
    m_Curve:
    - serializedVersion: 3
      time: 0
      value: 1
      inSlope: 0
      outSlope: 0
      tangentMode: 0
      weightedMode: 0
      inWeight: 0.33333334
      outWeight: 0.33333334
    m_PreInfinity: 2
    m_PostInfinity: 2
    m_RotationOrder: 4
